{"id":"gen9natdexdraft-257","log":"|j|☆ElysianSoul222\n|j|☆DogeTheNoob\n|t:|1762637629\n|gametype|singles\n|player|p1|ElysianSoul222|skierf|\n|player|p2|DogeTheNoob|101|\n|gen|9\n|tier|[Gen 9] NatDex Draft\n|rule|Tera Type Preview: Tera Types are shown at Team Preview\n|rule|Sleep Clause Mod: Limit one foe put to sleep\n|rule|OHKO Clause: OHKO moves are banned\n|rule|Evasion Clause: Evasion abilities, items, and moves are banned\n|rule|Evasion Abilities Clause: Evasion abilities are banned\n|rule|Evasion Items Clause: Evasion items are banned\n|rule|Evasion Moves Clause: Evasion moves are banned\n|rule|Endless Battle Clause: Forcing endless battles is banned\n|rule|HP Percentage Mod: HP is shown in percentages\n|raw|<div class=\"infobox\"><details class=\"readmore\" open><summary><strong>1 custom rule:</strong></summary> Tera Type Preview</details></div>\n|clearpoke\n|poke|p1|Zapdos|\n|poke|p1|Pecharunt|\n|poke|p1|Flutter Lame, F|\n|poke|p1|Celebi-Hell, M|\n|poke|p1|Blaziken, M|\n|poke|p1|Krookodile, F|\n|poke|p2|Abyluxneon, M|\n|poke|p2|Torkoal, F|\n|poke|p2|Sandy Shocks|\n|poke|p2|Razor Spine, M|\n|poke|p2|Queendra-Dark, M|\n|poke|p2|Mandibuzz, F|\n|raw|ElysianSoul222's Tera Types:<br /><psicon pokemon=\"zapdos\" /><psicon type=\"Electric\" /> / <psicon pokemon=\"pecharunt\" /><psicon type=\"Poison\" /> / <psicon pokemon=\"flutterlame\" /><psicon type=\"Fairy\" /> / <psicon pokemon=\"celebihell\" /><psicon type=\"Steel\" /> / <psicon pokemon=\"blaziken\" /><psicon type=\"Fighting\" /> / <psicon pokemon=\"krookodile\" /><psicon type=\"Ground\" />\n|raw|DogeTheNoob's Tera Types:<br /><psicon pokemon=\"abyluxneon\" /><psicon type=\"Ground\" /> / <psicon pokemon=\"torkoal\" /><psicon type=\"Fire\" /> / <psicon pokemon=\"sandyshocks\" /><psicon type=\"Electric\" /> / <psicon pokemon=\"razorspine\" /><psicon type=\"Steel\" /> / <psicon pokemon=\"queendradark\" /><psicon type=\"Ice\" /> / <psicon pokemon=\"mandibuzz\" /><psicon type=\"Dark\" />\n|teampreview\n|c|☆ElysianSoul222|hf\n|j| testingooooo\n|c|☆DogeTheNoob|u2\n|\n|t:|1762637692\n|teamsize|p1|6\n|teamsize|p2|6\n|start\n|switch|p1a: Flutter Lame|Flutter Lame, F, shiny|100/100\n|switch|p2a: Torkoal|Torkoal, F|100/100\n|-weather|SunnyDay|[from] ability: Drought|[of] p2a: Torkoal\n|-activate|p1a: Flutter Lame|ability: Protosynthesis\n|-start|p1a: Flutter Lame|protosynthesisspe\n|turn|1\n|\n|t:|1762637704\n|move|p1a: Flutter Lame|Taunt|p2a: Torkoal\n|-start|p2a: Torkoal|move: Taunt\n|cant|p2a: Torkoal|move: Taunt|Stealth Rock\n|\n|-weather|SunnyDay|[upkeep]\n|upkeep\n|turn|2\n|\n|t:|1762637734\n|switch|p2a: Abyluxneon|Abyluxneon, M|100/100\n|move|p1a: Flutter Lame|Shadow Ball|p2a: Abyluxneon\n|-damage|p2a: Abyluxneon|75/100\n|\n|-weather|SunnyDay|[upkeep]\n|-heal|p2a: Abyluxneon|81/100|[from] item: Leftovers\n|upkeep\n|turn|3\n|\n|t:|1762637767\n|move|p1a: Flutter Lame|Taunt|p2a: Abyluxneon\n|-start|p2a: Abyluxneon|move: Taunt\n|move|p2a: Abyluxneon|Alluring Voice|p1a: Flutter Lame\n|-damage|p1a: Flutter Lame|79/100\n|\n|-weather|SunnyDay|[upkeep]\n|-heal|p1a: Flutter Lame|85/100|[from] item: Leftovers\n|-heal|p2a: Abyluxneon|87/100|[from] item: Leftovers\n|upkeep\n|turn|4\n|\n|t:|1762637774\n|move|p1a: Flutter Lame|Calm Mind|p1a: Flutter Lame\n|-boost|p1a: Flutter Lame|spa|1\n|-boost|p1a: Flutter Lame|spd|1\n|move|p2a: Abyluxneon|Flip Turn|p1a: Flutter Lame\n|-damage|p1a: Flutter Lame|76/100\n|\n|t:|1762637776\n|switch|p2a: Razor Spine|Razor Spine, M|100/100|[from] Flip Turn\n|-activate|p2a: Razor Spine|ability: Protosynthesis\n|-start|p2a: Razor Spine|protosynthesisspe\n|\n|-weather|SunnyDay|[upkeep]\n|-heal|p1a: Flutter Lame|82/100|[from] item: Leftovers\n|upkeep\n|turn|5\n|\n|t:|1762637779\n|-end|p1a: Flutter Lame|Protosynthesis|[silent]\n|switch|p1a: Zapdos|Zapdos, shiny|100/100\n|move|p2a: Razor Spine|Meteor Mash|p1a: Zapdos\n|-resisted|p1a: Zapdos\n|-damage|p1a: Zapdos|81/100\n|\n|-weather|SunnyDay|[upkeep]\n|upkeep\n|turn|6\n|\n|t:|1762637788\n|-end|p2a: Razor Spine|Protosynthesis|[silent]\n|switch|p2a: Sandy Shocks|Sandy Shocks|100/100\n|-activate|p2a: Sandy Shocks|ability: Protosynthesis\n|-start|p2a: Sandy Shocks|protosynthesisspa\n|move|p1a: Zapdos|Heat Wave|p2a: Sandy Shocks\n|-damage|p2a: Sandy Shocks|45/100\n|\n|-weather|SunnyDay|[upkeep]\n|upkeep\n|turn|7\n|\n|t:|1762637822\n|move|p2a: Sandy Shocks|Volt Switch|p1a: Zapdos\n|-damage|p1a: Zapdos|35/100\n|\n|t:|1762637828\n|-end|p2a: Sandy Shocks|Protosynthesis|[silent]\n|switch|p2a: Abyluxneon|Abyluxneon, M|87/100|[from] Volt Switch\n|move|p1a: Zapdos|Heat Wave|p2a: Abyluxneon\n|-resisted|p2a: Abyluxneon\n|-damage|p2a: Abyluxneon|71/100\n|\n|-weather|SunnyDay|[upkeep]\n|-heal|p2a: Abyluxneon|77/100|[from] item: Leftovers\n|upkeep\n|turn|8\n|\n|t:|1762637852\n|switch|p2a: Sandy Shocks|Sandy Shocks|45/100\n|-activate|p2a: Sandy Shocks|ability: Protosynthesis\n|-start|p2a: Sandy Shocks|protosynthesisspa\n|move|p1a: Zapdos|Roost|p1a: Zapdos\n|-heal|p1a: Zapdos|85/100\n|-singleturn|p1a: Zapdos|move: Roost\n|\n|-weather|none\n|-end|p2a: Sandy Shocks|Protosynthesis\n|upkeep\n|turn|9\n|\n|t:|1762637860\n|switch|p1a: Krookodile|Krookodile, F, shiny|100/100\n|-ability|p1a: Krookodile|Intimidate|boost\n|-unboost|p2a: Sandy Shocks|atk|1\n|move|p2a: Sandy Shocks|Volt Switch|p1a: Krookodile\n|-immune|p1a: Krookodile\n|\n|upkeep\n|turn|10\n|\n|t:|1762637874\n|-end|p2a: Sandy Shocks|Protosynthesis|[silent]\n|switch|p2a: Mandibuzz|Mandibuzz, F|100/100\n|move|p1a: Krookodile|Stealth Rock|p2a: Mandibuzz\n|-sidestart|p2: DogeTheNoob|move: Stealth Rock\n|\n|upkeep\n|turn|11\n|\n|t:|1762637903\n|move|p1a: Krookodile|Knock Off|p2a: Mandibuzz\n|-resisted|p2a: Mandibuzz\n|-damage|p2a: Mandibuzz|88/100\n|-enditem|p2a: Mandibuzz|Heavy-Duty Boots|[from] move: Knock Off|[of] p1a: Krookodile\n|move|p2a: Mandibuzz|U-turn|p1a: Krookodile\n|-supereffective|p1a: Krookodile\n|-damage|p1a: Krookodile|76/100\n|\n|t:|1762637922\n|switch|p2a: Queendra-Dark|Queendra-Dark, M|100/100|[from] U-turn\n|-damage|p2a: Queendra-Dark|76/100|[from] Stealth Rock\n|\n|-heal|p1a: Krookodile|82/100|[from] item: Leftovers\n|upkeep\n|turn|12\n|\n|t:|1762637956\n|switch|p1a: Zapdos|Zapdos, shiny|85/100\n|detailschange|p2a: Queendra-Dark|Queendra-Dark-Mega, M\n|-mega|p2a: Queendra-Dark|Queendra-Dark|Queendrite Dark\n|move|p2a: Queendra-Dark|Ice Beam|p1a: Zapdos\n|-supereffective|p1a: Zapdos\n|-damage|p1a: Zapdos|0 fnt\n|faint|p1a: Zapdos\n|\n|upkeep\n|\n|t:|1762637964\n|switch|p1a: Celebi-Hell|Celebi-Hell, M, shiny|100/100\n|turn|13\n|c|☆ElysianSoul222|erm\n|j| The_Shawdoin\n|c|☆ElysianSoul222|I thought this was the abyluxneon lol\n|c|☆DogeTheNoob|?\n|c|☆DogeTheNoob|oh lmfao\n|\n|t:|1762637989\n|move|p2a: Queendra-Dark|Flip Turn|p1a: Celebi-Hell\n|-damage|p1a: Celebi-Hell|87/100\n|\n|t:|1762637992\n|switch|p2a: Torkoal|Torkoal, F|100/100|[from] Flip Turn\n|-damage|p2a: Torkoal|76/100|[from] Stealth Rock\n|-weather|SunnyDay|[from] ability: Drought|[of] p2a: Torkoal\n|move|p1a: Celebi-Hell|Iron Head|p2a: Torkoal\n|-resisted|p2a: Torkoal\n|-damage|p2a: Torkoal|68/100\n|\n|-weather|SunnyDay|[upkeep]\n|upkeep\n|turn|14\n|c| testingooooo|the new artwork goob\n|\n|t:|1762638028\n|move|p1a: Celebi-Hell|U-turn|p2a: Torkoal\n|-resisted|p2a: Torkoal\n|-damage|p2a: Torkoal|64/100\n|\n|t:|1762638030\n|switch|p1a: Flutter Lame|Flutter Lame, F, shiny|82/100|[from] U-turn\n|-activate|p1a: Flutter Lame|ability: Protosynthesis\n|-start|p1a: Flutter Lame|protosynthesisspe\n|move|p2a: Torkoal|Lava Plume|p1a: Flutter Lame\n|-damage|p1a: Flutter Lame|50/100\n|\n|-weather|SunnyDay|[upkeep]\n|-heal|p1a: Flutter Lame|56/100|[from] item: Leftovers\n|upkeep\n|turn|15\n|\n|t:|1762638037\n|switch|p2a: Abyluxneon|Abyluxneon, M|77/100\n|-damage|p2a: Abyluxneon|65/100|[from] Stealth Rock\n|move|p1a: Flutter Lame|Calm Mind|p1a: Flutter Lame\n|-boost|p1a: Flutter Lame|spa|1\n|-boost|p1a: Flutter Lame|spd|1\n|\n|-weather|SunnyDay|[upkeep]\n|-heal|p1a: Flutter Lame|62/100|[from] item: Leftovers\n|-heal|p2a: Abyluxneon|71/100|[from] item: Leftovers\n|upkeep\n|turn|16\n|\n|t:|1762638041\n|move|p1a: Flutter Lame|Draining Kiss|p2a: Abyluxneon\n|-damage|p2a: Abyluxneon|45/100\n|-heal|p1a: Flutter Lame|85/100|[from] drain|[of] p2a: Abyluxneon\n|move|p2a: Abyluxneon|Flip Turn|p1a: Flutter Lame\n|-damage|p1a: Flutter Lame|77/100\n|\n|t:|1762638049\n|switch|p2a: Razor Spine|Razor Spine, M|100/100|[from] Flip Turn\n|-damage|p2a: Razor Spine|94/100|[from] Stealth Rock\n|-activate|p2a: Razor Spine|ability: Protosynthesis\n|-start|p2a: Razor Spine|protosynthesisspe\n|\n|-weather|SunnyDay|[upkeep]\n|-heal|p1a: Flutter Lame|83/100|[from] item: Leftovers\n|upkeep\n|turn|17\n|\n|t:|1762638059\n|-end|p1a: Flutter Lame|Protosynthesis|[silent]\n|switch|p1a: Krookodile|Krookodile, F, shiny|82/100\n|-ability|p1a: Krookodile|Intimidate|boost\n|-fail|p2a: Razor Spine|unboost|[from] item: Clear Amulet|[of] p2a: Razor Spine\n|move|p2a: Razor Spine|Shadow Claw|p1a: Krookodile\n|-resisted|p1a: Krookodile\n|-damage|p1a: Krookodile|63/100\n|\n|-weather|SunnyDay|[upkeep]\n|-heal|p1a: Krookodile|69/100|[from] item: Leftovers\n|upkeep\n|turn|18\n|\n|t:|1762638074\n|-end|p2a: Razor Spine|Protosynthesis|[silent]\n|switch|p2a: Mandibuzz|Mandibuzz, F|88/100\n|-damage|p2a: Mandibuzz|64/100|[from] Stealth Rock\n|move|p1a: Krookodile|Dragon Tail|p2a: Mandibuzz\n|-damage|p2a: Mandibuzz|54/100\n|drag|p2a: Queendra-Dark|Queendra-Dark-Mega, M|76/100\n|-damage|p2a: Queendra-Dark|51/100|[from] Stealth Rock\n|\n|-weather|SunnyDay|[upkeep]\n|-heal|p1a: Krookodile|76/100|[from] item: Leftovers\n|upkeep\n|turn|19\n|\n|t:|1762638085\n|switch|p1a: Celebi-Hell|Celebi-Hell, M, shiny|87/100\n|move|p2a: Queendra-Dark|Ice Beam|p1a: Celebi-Hell\n|-resisted|p1a: Celebi-Hell\n|-damage|p1a: Celebi-Hell|70/100\n|\n|-weather|SunnyDay|[upkeep]\n|upkeep\n|turn|20\n|\n|t:|1762638090\n|move|p2a: Queendra-Dark|Weather Ball|p1a: Celebi-Hell\n|-supereffective|p1a: Celebi-Hell\n|-enditem|p1a: Celebi-Hell|Occa Berry|[eat]\n|-enditem|p1a: Celebi-Hell|Occa Berry|[weaken]\n|-damage|p1a: Celebi-Hell|38/100\n|move|p1a: Celebi-Hell|U-turn|p2a: Queendra-Dark\n|-resisted|p2a: Queendra-Dark\n|-damage|p2a: Queendra-Dark|40/100\n|c| testingooooo|OMG \n|\n|t:|1762638099\n|switch|p1a: Blaziken|Blaziken, M, shiny|100/100|[from] U-turn\n|\n|-weather|none\n|upkeep\n|turn|21\n|\n|t:|1762638121\n|switch|p2a: Sandy Shocks|Sandy Shocks|45/100\n|-damage|p2a: Sandy Shocks|38/100|[from] Stealth Rock\n|move|p1a: Blaziken|Protect||[still]\n|-fail|p1a: Blaziken\n|\n|-ability|p1a: Blaziken|Speed Boost|boost\n|-boost|p1a: Blaziken|spe|1\n|upkeep\n|turn|22\n|\n|t:|1762638138\n|switch|p1a: Krookodile|Krookodile, F, shiny|76/100\n|-ability|p1a: Krookodile|Intimidate|boost\n|-unboost|p2a: Sandy Shocks|atk|1\n|move|p2a: Sandy Shocks|Earth Power|p1a: Krookodile\n|-damage|p1a: Krookodile|30/100\n|\n|-heal|p1a: Krookodile|36/100|[from] item: Leftovers\n|upkeep\n|turn|23\n|\n|t:|1762638163\n|switch|p1a: Flutter Lame|Flutter Lame, F, shiny|83/100\n|move|p2a: Sandy Shocks|Earth Power|p1a: Flutter Lame\n|-damage|p1a: Flutter Lame|38/100\n|-unboost|p1a: Flutter Lame|spd|1\n|\n|-heal|p1a: Flutter Lame|44/100|[from] item: Leftovers\n|upkeep\n|turn|24\n|\n|t:|1762638172\n|-end|p1a: Flutter Lame|Protosynthesis|[silent]\n|switch|p1a: Krookodile|Krookodile, F, shiny|36/100\n|-ability|p1a: Krookodile|Intimidate|boost\n|-unboost|p2a: Sandy Shocks|atk|1\n|move|p2a: Sandy Shocks|Earth Power|p1a: Krookodile\n|-damage|p1a: Krookodile|0 fnt\n|faint|p1a: Krookodile\n|\n|upkeep\n|\n|t:|1762638174\n|switch|p1a: Blaziken|Blaziken, M, shiny|100/100\n|turn|25\n|\n|t:|1762638181\n|-terastallize|p1a: Blaziken|Fighting\n|move|p2a: Sandy Shocks|Earth Power|p1a: Blaziken\n|-crit|p1a: Blaziken\n|-damage|p1a: Blaziken|0 fnt\n|faint|p1a: Blaziken\n|\n|upkeep\n|c|☆DogeTheNoob|damn\n|c|☆DogeTheNoob|mb\n|c| testingooooo|nooooo\n|\n|t:|1762638213\n|switch|p1a: Flutter Lame|Flutter Lame, F, shiny|44/100\n|turn|26\n|\n|t:|1762638216\n|move|p2a: Sandy Shocks|Earth Power|p1a: Flutter Lame\n|-damage|p1a: Flutter Lame|4/100\n|move|p1a: Flutter Lame|Shadow Ball|p2a: Sandy Shocks\n|-damage|p2a: Sandy Shocks|0 fnt\n|faint|p2a: Sandy Shocks\n|-end|p2a: Sandy Shocks|Protosynthesis|[silent]\n|\n|-heal|p1a: Flutter Lame|10/100|[from] item: Leftovers\n|upkeep\n|\n|t:|1762638232\n|switch|p2a: Razor Spine|Razor Spine, M|94/100\n|-damage|p2a: Razor Spine|88/100|[from] Stealth Rock\n|turn|27\n|\n|t:|1762638256\n|-end|p1a: Flutter Lame|Protosynthesis|[silent]\n|switch|p1a: Celebi-Hell|Celebi-Hell, M, shiny|38/100\n|move|p2a: Razor Spine|Meteor Mash|p1a: Celebi-Hell\n|-damage|p1a: Celebi-Hell|0 fnt\n|faint|p1a: Celebi-Hell\n|\n|upkeep\n|\n|t:|1762638261\n|switch|p1a: Pecharunt|Pecharunt|100/100\n|turn|28\n|\n|t:|1762638266\n|move|p2a: Razor Spine|Swords Dance|p2a: Razor Spine\n|-boost|p2a: Razor Spine|atk|2\n|move|p1a: Pecharunt|Foul Play|p2a: Razor Spine\n|-supereffective|p2a: Razor Spine\n|-damage|p2a: Razor Spine|0 fnt\n|faint|p2a: Razor Spine\n|-end|p2a: Razor Spine|Protosynthesis|[silent]\n|\n|upkeep\n|\n|t:|1762638286\n|switch|p2a: Torkoal|Torkoal, F|64/100\n|-damage|p2a: Torkoal|39/100|[from] Stealth Rock\n|-weather|SunnyDay|[from] ability: Drought|[of] p2a: Torkoal\n|turn|29\n|\n|t:|1762638297\n|move|p1a: Pecharunt|Toxic|p2a: Torkoal\n|-status|p2a: Torkoal|tox\n|-start|p2a: Torkoal|confusion|[from] ability: Poison Puppeteer|[of] p1a: Pecharunt\n|-activate|p2a: Torkoal|confusion\n|-damage|p2a: Torkoal|35/100 tox|[from] confusion\n|\n|-weather|SunnyDay|[upkeep]\n|-damage|p2a: Torkoal|29/100 tox|[from] psn\n|upkeep\n|turn|30\n|\n|t:|1762638307\n|move|p1a: Pecharunt|Foul Play|p2a: Torkoal\n|-damage|p2a: Torkoal|19/100 tox\n|-activate|p2a: Torkoal|confusion\n|-damage|p2a: Torkoal|15/100 tox|[from] confusion\n|\n|-weather|SunnyDay|[upkeep]\n|-damage|p2a: Torkoal|3/100 tox|[from] psn\n|upkeep\n|turn|31\n|\n|t:|1762638313\n|move|p1a: Pecharunt|Foul Play|p2a: Torkoal\n|-damage|p2a: Torkoal|0 fnt\n|faint|p2a: Torkoal\n|\n|-weather|SunnyDay|[upkeep]\n|upkeep\n|\n|t:|1762638321\n|switch|p2a: Mandibuzz|Mandibuzz, F|54/100\n|-damage|p2a: Mandibuzz|29/100|[from] Stealth Rock\n|turn|32\n|\n|t:|1762638390\n|move|p1a: Pecharunt|Toxic|p2a: Mandibuzz\n|-status|p2a: Mandibuzz|tox\n|-start|p2a: Mandibuzz|confusion|[from] ability: Poison Puppeteer|[of] p1a: Pecharunt\n|-activate|p2a: Mandibuzz|confusion\n|-damage|p2a: Mandibuzz|25/100 tox|[from] confusion\n|\n|-weather|SunnyDay|[upkeep]\n|-damage|p2a: Mandibuzz|19/100 tox|[from] psn\n|upkeep\n|turn|33\n|c| The_Shawdoin|damn\n|c| testingooooo|get her ass pech\n|\n|t:|1762638421\n|move|p1a: Pecharunt|Foul Play|p2a: Mandibuzz\n|-resisted|p2a: Mandibuzz\n|-damage|p2a: Mandibuzz|14/100 tox\n|-end|p2a: Mandibuzz|confusion\n|move|p2a: Mandibuzz|Roost|p2a: Mandibuzz\n|-heal|p2a: Mandibuzz|65/100 tox\n|-singleturn|p2a: Mandibuzz|move: Roost\n|\n|-weather|SunnyDay|[upkeep]\n|-damage|p2a: Mandibuzz|52/100 tox|[from] psn\n|upkeep\n|turn|34\n|\n|t:|1762638428\n|move|p1a: Pecharunt|Foul Play|p2a: Mandibuzz\n|-resisted|p2a: Mandibuzz\n|-damage|p2a: Mandibuzz|48/100 tox\n|move|p2a: Mandibuzz|Foul Play|p1a: Pecharunt\n|-supereffective|p1a: Pecharunt\n|-damage|p1a: Pecharunt|80/100\n|\n|-weather|SunnyDay|[upkeep]\n|-damage|p2a: Mandibuzz|29/100 tox|[from] psn\n|upkeep\n|turn|35\n|\n|t:|1762638436\n|move|p1a: Pecharunt|Recover|p1a: Pecharunt\n|-heal|p1a: Pecharunt|100/100\n|move|p2a: Mandibuzz|Foul Play|p1a: Pecharunt\n|-supereffective|p1a: Pecharunt\n|-damage|p1a: Pecharunt|78/100\n|\n|-weather|SunnyDay|[upkeep]\n|-damage|p2a: Mandibuzz|5/100 tox|[from] psn\n|upkeep\n|turn|36\n|c|☆DogeTheNoob|this is what i get for hiting 1 crit\n|\n|t:|1762638443\n|move|p1a: Pecharunt|Recover|p1a: Pecharunt\n|-heal|p1a: Pecharunt|100/100\n|move|p2a: Mandibuzz|Foul Play|p1a: Pecharunt\n|-supereffective|p1a: Pecharunt\n|-damage|p1a: Pecharunt|78/100\n|\n|-weather|none\n|-damage|p2a: Mandibuzz|0 fnt|[from] psn\n|faint|p2a: Mandibuzz\n|upkeep\n|\n|t:|1762638450\n|switch|p2a: Queendra-Dark|Queendra-Dark-Mega, M|40/100\n|-damage|p2a: Queendra-Dark|15/100|[from] Stealth Rock\n|turn|37\n|\n|t:|1762638495\n|move|p2a: Queendra-Dark|Ice Beam|p1a: Pecharunt\n|-damage|p1a: Pecharunt|29/100\n|move|p1a: Pecharunt|Parting Shot|p2a: Queendra-Dark\n|-unboost|p2a: Queendra-Dark|atk|1\n|-unboost|p2a: Queendra-Dark|spa|1\n|\n|t:|1762638499\n|switch|p1a: Flutter Lame|Flutter Lame, F, shiny|10/100|[from] Parting Shot\n|\n|-heal|p1a: Flutter Lame|16/100|[from] item: Leftovers\n|upkeep\n|turn|38\n|\n|t:|1762638505\n|move|p2a: Queendra-Dark|Ice Beam|p1a: Flutter Lame\n|-damage|p1a: Flutter Lame|0 fnt\n|faint|p1a: Flutter Lame\n|-end|p1a: Flutter Lame|Protosynthesis|[silent]\n|\n|upkeep\n|c|☆ElysianSoul222|nah I am ass\n|\n|t:|1762638514\n|switch|p1a: Pecharunt|Pecharunt|29/100\n|turn|39\n|\n|t:|1762638517\n|move|p2a: Queendra-Dark|Ice Beam|p1a: Pecharunt\n|-damage|p1a: Pecharunt|0 fnt\n|faint|p1a: Pecharunt\n|\n|win|DogeTheNoob\n|c|☆ElysianSoul222|gg\n|c|☆DogeTheNoob|gg\n|l|☆ElysianSoul222\n|player|p1|\n|l| testingooooo\n","players":["ElysianSoul222","DogeTheNoob"],"format":"[Gen 9] NatDex Draft","rating":null,"private":0,"password":null,"inputlog":">version ca683b84f76c372694ea8dfc9917fe16b0ba44a0\n>start {\"formatid\":\"gen9natdexdraft@@@Tera Type Preview\",\"seed\":\"sodium,2345b5095df9677a448782e3042c1186\"}\n>player p1 {\"name\":\"ElysianSoul222\",\"avatar\":\"skierf\",\"team\":\"Zapdos||HeavyDutyBoots|Static|VoltSwitch,HeatWave,Roost,Toxic|Modest|248,,192,44,,24|N|,0,,,,|S||,,,,,Electric]Pecharunt||KasibBerry|PoisonPuppeteer|Toxic,Recover,FoulPlay,PartingShot|Bold|252,,224,,,32|N|,0,,,,|||,,,,,Poison]Flutter Lame||Leftovers|Protosynthesis|CalmMind,Taunt,DrainingKiss,ShadowBall|Timid|136,,,244,,128|F|,0,,,,|S||,,,,,Fairy]Celebi-Hell||OccaBerry|MotorDrive|Uturn,IronHead,Recover,Encore|Careful|252,,,,152,104|M||S||,,,,,Steel]Blaziken||LifeOrb|SpeedBoost|SwordsDance,FlareBlitz,CloseCombat,Protect|Adamant|,252,8,,8,240|M|29,,,,,|S||,,,,,Fighting]Krookodile||Leftovers|Intimidate|StealthRock,DragonTail,KnockOff,Earthquake|Jolly|248,,,,112,148|F||S||,,,,,Ground\",\"rating\":0}\n>player p2 {\"name\":\"DogeTheNoob\",\"avatar\":\"101\",\"team\":\"Abyluxneon||Leftovers|StormDrain|FlipTurn,AlluringVoice,Scald,Moonlight|Calm|248,,,8,252,|M||||,,,,,Ground]Torkoal||HeatRock|Drought|StealthRock,RapidSpin,LavaPlume,EarthPower|Bold|248,,252,8,,|F||||,,,,,Fire]Sandy Shocks||ChoiceScarf|Protosynthesis|EarthPower,VoltSwitch,FlashCannon,Thunderbolt|Timid|,,,252,4,252|N|,0,,,,|||,,,,,Electric]Razor Spine||ClearAmulet|Protosynthesis|ShadowClaw,MeteorMash,SwordsDance,Earthquake|Jolly|,252,,,4,252|M||||,,,,,Steel]Queendra-Dark||QueendriteDark|SlushRush|IceBeam,SludgeWave,FlipTurn,WeatherBall|Timid|,,,252,4,252|M||||,,,,,Ice]Mandibuzz||HeavyDutyBoots|BigPecks|FoulPlay,Roost,Uturn,Toxic|Impish|248,,212,,48,|F||||,,,,,Dark\",\"rating\":0}\n>chat ☆ElysianSoul222|hf\n>chat ☆DogeTheNoob|u2\n>p1 team 3, 2, 1, 4, 5, 6\n>p2 team 2, 1, 3, 4, 5, 6\n>p1 move taunt\n>p2 move stealthrock\n>p1 move shadowball\n>p2 switch 2\n>p1 move taunt\n>p2 move alluringvoice\n>p1 move calmmind\n>p2 move flipturn\n>p2 switch 4\n>p1 switch 3\n>p2 move meteormash\n>p1 move heatwave\n>p2 switch 3\n>p1 move heatwave\n>p2 move voltswitch\n>p2 switch 4\n>p1 move roost\n>p2 switch 4\n>p1 switch 6\n>p2 move voltswitch\n>p1 move stealthrock\n>p2 switch 6\n>p1 move knockoff\n>p2 move uturn\n>p2 switch 5\n>p1 switch 6\n>p2 move icebeam mega\n>p1 switch 4\n>chat ☆ElysianSoul222|erm\n>chat ☆ElysianSoul222|I thought this was the abyluxneon lol\n>chat ☆DogeTheNoob|?\n>chat ☆DogeTheNoob|oh lmfao\n>p1 move ironhead\n>p2 move flipturn\n>p2 switch 2\n>chat  testingooooo|the new artwork goob\n>p1 move uturn\n>p2 move lavaplume\n>p1 switch 3\n>p1 move calmmind\n>p2 switch 4\n>p1 move drainingkiss\n>p2 move flipturn\n>p2 switch 3\n>p1 switch 6\n>p2 move shadowclaw\n>p1 move dragontail\n>p2 switch 5\n>p1 switch 3\n>p2 move icebeam\n>p1 move uturn\n>p2 move weatherball\n>chat  testingooooo|OMG \n>p1 switch 5\n>p1 move protect\n>p2 switch 6\n>p1 switch 3\n>p2 move earthpower\n>p1 switch 6\n>p2 move earthpower\n>p1 switch 6\n>p2 move earthpower\n>p1 switch 3\n>p1 move swordsdance terastallize\n>p2 move earthpower\n>chat ☆DogeTheNoob|damn\n>chat ☆DogeTheNoob|mb\n>chat  testingooooo|nooooo\n>p1 switch 6\n>p1 move shadowball\n>p2 move earthpower\n>p2 switch 5\n>p1 switch 5\n>p2 move meteormash\n>p1 switch 2\n>p1 move foulplay\n>p2 move swordsdance\n>p2 switch 4\n>p1 move toxic\n>p2 move earthpower\n>p1 move foulplay\n>p2 move earthpower\n>p1 move foulplay\n>p2 move earthpower\n>p2 switch 2\n>p1 move toxic\n>p2 move roost\n>chat  The_Shawdoin|damn\n>chat  testingooooo|get her ass pech\n>p1 move foulplay\n>p2 move roost\n>p1 move foulplay\n>p2 move foulplay\n>p1 move recover\n>p2 move foulplay\n>chat ☆DogeTheNoob|this is what i get for hiting 1 crit\n>p1 move recover\n>p2 move foulplay\n>p2 switch 6\n>p1 move partingshot\n>p2 move icebeam\n>p1 switch 5\n>p1 move shadowball\n>p2 move icebeam\n>chat ☆ElysianSoul222|nah I am ass\n>p1 switch 5\n>p1 move foulplay\n>p2 move icebeam","uploadtime":1762638531}