{"id":"gen9natdexdraft-191","log":"|j|☆Arkvis\n|j|☆wizzz7\n|t:|1761940000\n|gametype|singles\n|player|p1|Arkvis|170|\n|player|p2|wizzz7|169|\n|gen|9\n|tier|[Gen 9] NatDex Draft\n|rule|Tera Type Preview: Tera Types are shown at Team Preview\n|rule|Sleep Clause Mod: Limit one foe put to sleep\n|rule|OHKO Clause: OHKO moves are banned\n|rule|Evasion Clause: Evasion abilities, items, and moves are banned\n|rule|Evasion Abilities Clause: Evasion abilities are banned\n|rule|Evasion Items Clause: Evasion items are banned\n|rule|Evasion Moves Clause: Evasion moves are banned\n|rule|Endless Battle Clause: Forcing endless battles is banned\n|rule|HP Percentage Mod: HP is shown in percentages\n|raw|<div class=\"infobox\"><details class=\"readmore\" open><summary><strong>1 custom rule:</strong></summary> Tera Type Preview</details></div>\n|clearpoke\n|poke|p1|Armarouge, M|\n|poke|p1|Regifly, M|\n|poke|p1|Cryogonal|\n|poke|p1|Raging Bolt|\n|poke|p1|Meowscarada, M|\n|poke|p1|Manaphy|\n|poke|p2|Celebi-Hell, M|\n|poke|p2|Tornadus-Therian, M|\n|poke|p2|Slowking-Galar, M|\n|poke|p2|Samurott-Hisui, M|\n|poke|p2|Maushold|\n|poke|p2|Milotic-Hell, M|\n|raw|Arkvis's Tera Types:<br /><psicon pokemon=\"armarouge\" /><psicon type=\"Fire\" /> / <psicon pokemon=\"regifly\" /><psicon type=\"Flying\" /> / <psicon pokemon=\"cryogonal\" /><psicon type=\"Ice\" /> / <psicon pokemon=\"ragingbolt\" /><psicon type=\"Electric\" /> / <psicon pokemon=\"meowscarada\" /><psicon type=\"Grass\" /> / <psicon pokemon=\"manaphy\" /><psicon type=\"Fairy\" />\n|raw|wizzz7's Tera Types:<br /><psicon pokemon=\"celebihell\" /><psicon type=\"Steel\" /> / <psicon pokemon=\"tornadustherian\" /><psicon type=\"Ground\" /> / <psicon pokemon=\"slowkinggalar\" /><psicon type=\"Poison\" /> / <psicon pokemon=\"samurotthisui\" /><psicon type=\"Water\" /> / <psicon pokemon=\"maushold\" /><psicon type=\"Normal\" /> / <psicon pokemon=\"milotichell\" /><psicon type=\"Dragon\" />\n|teampreview\n|c|☆Arkvis|Glhf\n|\n|t:|1761940043\n|teamsize|p1|6\n|teamsize|p2|6\n|start\n|switch|p1a: Meowscarada|Meowscarada, M|100/100\n|switch|p2a: 2020|Tornadus-Therian, M|100/100\n|turn|1\n|c|☆wizzz7|u2\n|\n|t:|1761940062\n|switch|p2a: 1210|Celebi-Hell, M|100/100\n|move|p1a: Meowscarada|U-turn|p2a: 1210\n|-start|p1a: Meowscarada|typechange|Bug|[from] ability: Protean\n|-resisted|p2a: 1210\n|-damage|p2a: 1210|96/100\n|\n|t:|1761940074\n|switch|p1a: Armarouge|Armarouge, M|100/100|[from] U-turn\n|\n|upkeep\n|turn|2\n|\n|t:|1761940082\n|switch|p2a: 3101|Milotic-Hell, M|100/100\n|detailschange|p1a: Armarouge|Armarouge-Mega, M\n|-mega|p1a: Armarouge|Armarouge|Armarougite\n|move|p1a: Armarouge|Armor Cannon|p2a: 3101\n|-resisted|p2a: 3101\n|-crit|p2a: 3101\n|-damage|p2a: 3101|78/100\n|-unboost|p1a: Armarouge|def|1\n|-unboost|p1a: Armarouge|spd|1\n|\n|upkeep\n|turn|3\n|\n|t:|1761940113\n|detailschange|p2a: 3101|Milotic-Mega-Hell, M\n|-mega|p2a: 3101|Milotic-Hell|Miloticite HELL\n|-weather|PrimordialSea|[from] ability: Primordial Sea|[of] p2a: 3101\n|move|p1a: Armarouge|Flash Cannon|p2a: 3101\n|-damage|p2a: 3101|42/100\n|move|p2a: 3101|Recover|p2a: 3101\n|-heal|p2a: 3101|92/100\n|\n|-weather|PrimordialSea|[upkeep]\n|upkeep\n|turn|4\n|c|☆Arkvis|uh oh\n|\n|t:|1761940138\n|move|p1a: Armarouge|Flash Cannon|p2a: 3101\n|-damage|p2a: 3101|59/100\n|move|p2a: 3101|Surf|p1a: Armarouge\n|-supereffective|p1a: Armarouge\n|-damage|p1a: Armarouge|0 fnt\n|faint|p1a: Armarouge\n|detailschange|p1: Armarouge|Armarouge, M|[silent]\n|\n|-weather|PrimordialSea|[upkeep]\n|upkeep\n|\n|t:|1761940145\n|switch|p1a: Raging Bolt|Raging Bolt|100/100\n|turn|5\n|\n|t:|1761940160\n|-weather|none\n|switch|p2a: 1210|Celebi-Hell, M|96/100\n|-terastallize|p1a: Raging Bolt|Electric\n|move|p1a: Raging Bolt|Draco Meteor|p2a: 1210\n|-immune|p2a: 1210\n|\n|upkeep\n|turn|6\n|\n|t:|1761940175\n|-end|p1a: Raging Bolt|Protosynthesis|[silent]\n|switch|p1a: Manaphy|Manaphy|100/100\n|move|p2a: 1210|U-turn|p1a: Manaphy\n|-damage|p1a: Manaphy|87/100\n|\n|t:|1761940194\n|switch|p2a: 7000|Maushold|100/100|[from] U-turn\n|\n|-heal|p1a: Manaphy|93/100|[from] item: Leftovers\n|upkeep\n|turn|7\n|j|~SparksTheNeo\n|\n|t:|1761940216\n|move|p2a: 7000|Thunder Wave|p1a: Manaphy\n|-status|p1a: Manaphy|par\n|move|p1a: Manaphy|Substitute|p1a: Manaphy\n|-start|p1a: Manaphy|Substitute\n|-damage|p1a: Manaphy|68/100 par\n|\n|-heal|p1a: Manaphy|74/100 par|[from] item: Leftovers\n|upkeep\n|turn|8\n|\n|t:|1761940224\n|move|p2a: 7000|Encore|p1a: Manaphy\n|-start|p1a: Manaphy|Encore\n|move|p1a: Manaphy|Substitute|p1a: Manaphy\n|-fail|p1a: Manaphy|move: Substitute\n|\n|-heal|p1a: Manaphy|81/100 par|[from] item: Leftovers\n|upkeep\n|turn|9\n|\n|t:|1761940230\n|move|p2a: 7000|Population Bomb|p1a: Manaphy\n|-activate|p1a: Manaphy|move: Substitute|[damage]\n|-activate|p1a: Manaphy|move: Substitute|[damage]\n|-end|p1a: Manaphy|Substitute\n|-damage|p1a: Manaphy|69/100 par\n|-damage|p1a: Manaphy|58/100 par\n|-damage|p1a: Manaphy|47/100 par\n|-damage|p1a: Manaphy|35/100 par\n|-damage|p1a: Manaphy|24/100 par\n|-damage|p1a: Manaphy|12/100 par\n|-damage|p1a: Manaphy|0 fnt\n|faint|p1a: Manaphy\n|-hitcount|p1: Manaphy|10\n|\n|upkeep\n|c|~SparksTheNeo|population bomb moment\n|c|☆Arkvis|He hurtsd\n|\n|t:|1761940256\n|switch|p1a: Raging Bolt|Raging Bolt, tera:Electric|100/100\n|turn|10\n|\n|t:|1761940264\n|switch|p2a: 1210|Celebi-Hell, M|96/100\n|move|p1a: Raging Bolt|Thunderclap||[still]\n|-fail|p1a: Raging Bolt\n|\n|upkeep\n|turn|11\n|\n|t:|1761940272\n|move|p1a: Raging Bolt|Thunderclap|p2a: 1210\n|-ability|p2a: 1210|Motor Drive|boost\n|-boost|p2a: 1210|spe|1\n|move|p2a: 1210|U-turn|p1a: Raging Bolt\n|-damage|p1a: Raging Bolt|87/100\n|\n|t:|1761940278\n|switch|p2a: 4020|Slowking-Galar, M|100/100|[from] U-turn\n|\n|upkeep\n|turn|12\n|c|~SparksTheNeo|:3\n|c|☆Arkvis|Im throwing dw\n|\n|t:|1761940290\n|-end|p1a: Raging Bolt|Protosynthesis|[silent]\n|switch|p1a: Regifly|Regifly, M|100/100\n|-prepare|p2a: 4020|Chilly Reception|[premajor]\n|move|p2a: 4020|Chilly Reception|p2a: 4020\n|-weather|Snowscape\n|\n|t:|1761940301\n|switch|p2a: 2020|Tornadus-Therian, M|100/100|[from] Chilly Reception\n|\n|-weather|Snowscape|[upkeep]\n|upkeep\n|turn|13\n|\n|t:|1761940311\n|move|p1a: Regifly|Aeroblast|p2a: 2020\n|-damage|p2a: 2020|62/100\n|move|p2a: 2020|U-turn|p1a: Regifly\n|-resisted|p1a: Regifly\n|-damage|p1a: Regifly|88/100\n|\n|t:|1761940317\n|switch|p2a: 3101|Milotic-Mega-Hell, M|59/100|[from] U-turn\n|-weather|PrimordialSea|[from] ability: Primordial Sea|[of] p2a: 3101\n|\n|-weather|PrimordialSea|[upkeep]\n|upkeep\n|turn|14\n|c|☆wizzz7|wow I didn't consider that my veil tech wouldn't work cause of prim sea LOL\n|\n|t:|1761940344\n|move|p2a: 3101|Surf|p1a: Regifly\n|-damage|p1a: Regifly|0 fnt\n|faint|p1a: Regifly\n|\n|-weather|PrimordialSea|[upkeep]\n|upkeep\n|\n|t:|1761940348\n|switch|p1a: Meowscarada|Meowscarada, M|100/100\n|turn|15\n|\n|t:|1761940354\n|-weather|none\n|switch|p2a: 1210|Celebi-Hell, M|96/100\n|move|p1a: Meowscarada|Triple Axel|p2a: 1210\n|-start|p1a: Meowscarada|typechange|Ice|[from] ability: Protean\n|-resisted|p2a: 1210\n|-damage|p2a: 1210|93/100\n|-resisted|p2a: 1210\n|-damage|p2a: 1210|88/100\n|-resisted|p2a: 1210\n|-crit|p2a: 1210\n|-damage|p2a: 1210|75/100\n|-hitcount|p2a: 1210|3\n|\n|upkeep\n|turn|16\n|\n|t:|1761940369\n|switch|p1a: Cryogonal|Cryogonal|100/100\n|move|p2a: 1210|Dazzling Gleam|p1a: Cryogonal\n|-damage|p1a: Cryogonal|77/100\n|\n|upkeep\n|turn|17\n|\n|t:|1761940379\n|move|p1a: Cryogonal|Freeze-Dry|p2a: 1210\n|-resisted|p2a: 1210\n|-damage|p2a: 1210|61/100\n|-status|p2a: 1210|frz\n|cant|p2a: 1210|frz\n|\n|upkeep\n|turn|18\n|\n|t:|1761940386\n|move|p1a: Cryogonal|Flash Cannon|p2a: 1210\n|-damage|p2a: 1210|43/100 frz\n|cant|p2a: 1210|frz\n|\n|upkeep\n|turn|19\n|\n|t:|1761940392\n|move|p1a: Cryogonal|Flash Cannon|p2a: 1210\n|-damage|p2a: 1210|23/100 frz\n|-unboost|p2a: 1210|spd|1\n|cant|p2a: 1210|frz\n|\n|upkeep\n|turn|20\n|\n|t:|1761940397\n|switch|p2a: 2020|Tornadus-Therian, M|96/100\n|move|p1a: Cryogonal|Flash Cannon|p2a: 2020\n|-damage|p2a: 2020|81/100\n|\n|upkeep\n|turn|21\n|\n|t:|1761940404\n|move|p2a: 2020|U-turn|p1a: Cryogonal\n|-damage|p1a: Cryogonal|47/100\n|\n|t:|1761940406\n|switch|p2a: 4020|Slowking-Galar, M|100/100|[from] U-turn\n|move|p1a: Cryogonal|Freeze-Dry|p2a: 4020\n|-crit|p2a: 4020\n|-damage|p2a: 4020|73/100\n|\n|-heal|p2a: 4020|79/100|[from] item: Black Sludge\n|upkeep\n|turn|22\n|\n|t:|1761940418\n|switch|p1a: Raging Bolt|Raging Bolt, tera:Electric|87/100\n|move|p2a: 4020|Thunder Wave|p1a: Raging Bolt\n|-immune|p1a: Raging Bolt\n|\n|-heal|p2a: 4020|85/100|[from] item: Black Sludge\n|upkeep\n|turn|23\n|\n|t:|1761940431\n|move|p1a: Raging Bolt|Thunderbolt|p2a: 4020\n|-damage|p2a: 4020|23/100\n|-prepare|p2a: 4020|Chilly Reception|[premajor]\n|move|p2a: 4020|Chilly Reception|p2a: 4020\n|-weather|Snowscape\n|\n|t:|1761940434\n|switch|p2a: 2020|Tornadus-Therian, M|100/100|[from] Chilly Reception\n|\n|-weather|Snowscape|[upkeep]\n|upkeep\n|turn|24\n|\n|t:|1761940441\n|-terastallize|p2a: 2020|Ground\n|move|p2a: 2020|Tera Blast|p1a: Raging Bolt|[anim] Tera Blast Ground\n|-supereffective|p1a: Raging Bolt\n|-damage|p1a: Raging Bolt|29/100\n|move|p1a: Raging Bolt|Thunderbolt|p2a: 2020\n|-immune|p2a: 2020\n|\n|-weather|Snowscape|[upkeep]\n|upkeep\n|turn|25\n|c|☆Arkvis|I dumb\n|\n|t:|1761940451\n|-end|p1a: Raging Bolt|Protosynthesis|[silent]\n|switch|p1a: Cryogonal|Cryogonal|47/100\n|move|p2a: 2020|Knock Off|p1a: Cryogonal\n|-damage|p1a: Cryogonal|22/100\n|-enditem|p1a: Cryogonal|Focus Sash|[from] move: Knock Off|[of] p2a: 2020\n|\n|-weather|Snowscape|[upkeep]\n|upkeep\n|turn|26\n|\n|t:|1761940458\n|move|p2a: 2020|Tera Blast|p1a: Cryogonal|[anim] Tera Blast Ground\n|-immune|p1a: Cryogonal|[from] ability: Levitate\n|move|p1a: Cryogonal|Recover|p1a: Cryogonal\n|-heal|p1a: Cryogonal|72/100\n|\n|-weather|Snowscape|[upkeep]\n|upkeep\n|turn|27\n|\n|t:|1761940467\n|move|p2a: 2020|Bleakwind Storm|p1a: Cryogonal|[miss]\n|-miss|p2a: 2020|p1a: Cryogonal\n|move|p1a: Cryogonal|Freeze-Dry|p2a: 2020\n|-supereffective|p2a: 2020\n|-damage|p2a: 2020|62/100\n|\n|-weather|none\n|upkeep\n|turn|28\n|\n|t:|1761940473\n|move|p2a: 2020|U-turn|p1a: Cryogonal\n|-damage|p1a: Cryogonal|46/100\n|c|☆wizzz7|I hate bleak wind so much\n|\n|t:|1761940480\n|switch|p2a: 4020|Slowking-Galar, M|56/100|[from] U-turn\n|move|p1a: Cryogonal|Freeze-Dry|p2a: 4020\n|-damage|p2a: 4020|38/100\n|\n|-heal|p2a: 4020|44/100|[from] item: Black Sludge\n|upkeep\n|turn|29\n|\n|t:|1761940496\n|move|p1a: Cryogonal|Recover|p1a: Cryogonal\n|-heal|p1a: Cryogonal|96/100\n|-prepare|p2a: 4020|Chilly Reception|[premajor]\n|move|p2a: 4020|Chilly Reception|p2a: 4020\n|-weather|Snowscape\n|\n|t:|1761940500\n|switch|p2a: 2020|Tornadus-Therian, M, tera:Ground|96/100|[from] Chilly Reception\n|\n|-weather|Snowscape|[upkeep]\n|upkeep\n|turn|30\n|\n|t:|1761940505\n|move|p2a: 2020|U-turn|p1a: Cryogonal\n|-damage|p1a: Cryogonal|78/100\n|\n|t:|1761940507\n|switch|p2a: 4020|Slowking-Galar, M|78/100|[from] U-turn\n|move|p1a: Cryogonal|Freeze-Dry|p2a: 4020\n|-damage|p2a: 4020|59/100\n|\n|-weather|Snowscape|[upkeep]\n|-heal|p2a: 4020|65/100|[from] item: Black Sludge\n|upkeep\n|turn|31\n|c|☆Arkvis|I hate regen\n|\n|t:|1761940516\n|move|p1a: Cryogonal|Freeze-Dry|p2a: 4020\n|-damage|p2a: 4020|48/100\n|-prepare|p2a: 4020|Chilly Reception|[premajor]\n|move|p2a: 4020|Chilly Reception|p2a: 4020\n|\n|t:|1761940525\n|switch|p2a: 2020|Tornadus-Therian, M, tera:Ground|100/100|[from] Chilly Reception\n|\n|-weather|Snowscape|[upkeep]\n|upkeep\n|turn|32\n|\n|t:|1761940529\n|move|p2a: 2020|Bleakwind Storm|p1a: Cryogonal\n|-damage|p1a: Cryogonal|43/100\n|-unboost|p1a: Cryogonal|spe|1\n|move|p1a: Cryogonal|Freeze-Dry|p2a: 2020\n|-supereffective|p2a: 2020\n|-damage|p2a: 2020|62/100\n|\n|-weather|Snowscape|[upkeep]\n|upkeep\n|turn|33\n|\n|t:|1761940536\n|move|p2a: 2020|Bleakwind Storm|p1a: Cryogonal\n|-damage|p1a: Cryogonal|11/100\n|move|p1a: Cryogonal|Freeze-Dry|p2a: 2020\n|-supereffective|p2a: 2020\n|-damage|p2a: 2020|29/100\n|\n|-weather|none\n|upkeep\n|turn|34\n|\n|t:|1761940547\n|move|p2a: 2020|Knock Off|p1a: Cryogonal\n|-damage|p1a: Cryogonal|0 fnt\n|faint|p1a: Cryogonal\n|\n|upkeep\n|\n|t:|1761940549\n|switch|p1a: Meowscarada|Meowscarada, M|100/100\n|turn|35\n|\n|t:|1761940555\n|switch|p2a: 1210|Celebi-Hell, M|23/100 frz\n|move|p1a: Meowscarada|Flower Trick|p2a: 1210\n|-start|p1a: Meowscarada|typechange|Grass|[from] ability: Protean\n|-resisted|p2a: 1210\n|-crit|p2a: 1210\n|-damage|p2a: 1210|9/100 frz\n|\n|upkeep\n|turn|36\n|\n|t:|1761940563\n|move|p1a: Meowscarada|Flower Trick|p2a: 1210\n|-resisted|p2a: 1210\n|-crit|p2a: 1210\n|-damage|p2a: 1210|0 fnt\n|faint|p2a: 1210\n|\n|upkeep\n|\n|t:|1761940566\n|switch|p2a: 3101|Milotic-Mega-Hell, M|59/100\n|-weather|PrimordialSea|[from] ability: Primordial Sea|[of] p2a: 3101\n|turn|37\n|\n|t:|1761940572\n|move|p1a: Meowscarada|Flower Trick|p2a: 3101\n|-resisted|p2a: 3101\n|-crit|p2a: 3101\n|-damage|p2a: 3101|40/100\n|move|p2a: 3101|Recover|p2a: 3101\n|-heal|p2a: 3101|90/100\n|\n|-weather|PrimordialSea|[upkeep]\n|upkeep\n|turn|38\n|\n|t:|1761940579\n|switch|p1a: Raging Bolt|Raging Bolt, tera:Electric|29/100\n|move|p2a: 3101|Dragon Energy|p1a: Raging Bolt\n|-damage|p1a: Raging Bolt|0 fnt\n|faint|p1a: Raging Bolt\n|-end|p1a: Raging Bolt|Protosynthesis|[silent]\n|\n|-weather|PrimordialSea|[upkeep]\n|upkeep\n|\n|t:|1761940584\n|switch|p1a: Meowscarada|Meowscarada, M|100/100\n|turn|39\n|c|☆wizzz7|gg\n|\n|t:|1761940587\n|move|p1a: Meowscarada|Triple Axel|p2a: 3101\n|-start|p1a: Meowscarada|typechange|Ice|[from] ability: Protean\n|-supereffective|p2a: 3101\n|-damage|p2a: 3101|75/100\n|-supereffective|p2a: 3101\n|-damage|p2a: 3101|45/100\n|-supereffective|p2a: 3101\n|-damage|p2a: 3101|0 fnt\n|faint|p2a: 3101\n|-weather|none\n|detailschange|p2: 3101|Milotic-Hell, M|[silent]\n|-hitcount|p2: 3101|3\n|\n|upkeep\n|c|~SparksTheNeo|doragon energyyyyyy\n|\n|t:|1761940592\n|switch|p2a: 5010|Samurott-Hisui, M|100/100\n|turn|40\n|\n|t:|1761940599\n|move|p1a: Meowscarada|Triple Axel|p2a: 5010\n|-resisted|p2a: 5010\n|-damage|p2a: 5010|96/100\n|-resisted|p2a: 5010\n|-damage|p2a: 5010|86/100\n|-resisted|p2a: 5010\n|-damage|p2a: 5010|71/100\n|-hitcount|p2a: 5010|3\n|move|p2a: 5010|Ceaseless Edge|p1a: Meowscarada\n|-damage|p1a: Meowscarada|29/100\n|-sidestart|p1: Arkvis|Spikes\n|\n|upkeep\n|turn|41\n|\n|t:|1761940609\n|move|p1a: Meowscarada|Triple Axel|p2a: 5010\n|-resisted|p2a: 5010\n|-damage|p2a: 5010|66/100\n|-resisted|p2a: 5010\n|-damage|p2a: 5010|58/100\n|-resisted|p2a: 5010\n|-damage|p2a: 5010|43/100\n|-hitcount|p2a: 5010|3\n|move|p2a: 5010|Ceaseless Edge|p1a: Meowscarada\n|-damage|p1a: Meowscarada|0 fnt\n|-sidestart|p1: Arkvis|Spikes\n|faint|p1a: Meowscarada\n|\n|win|wizzz7\n|c|☆Arkvis|Gg lol\n|c|☆Arkvis|I threw a ton\n|c|☆wizzz7|ye gg\n|l|☆Arkvis\n|player|p1|\n","players":["Arkvis","wizzz7"],"format":"[Gen 9] NatDex Draft","rating":null,"private":0,"password":null,"inputlog":">version 45155aae5f8061339c74c9c5e644a1ccebb86151\n>start {\"formatid\":\"gen9natdexdraft@@@Tera Type Preview\",\"seed\":\"sodium,1ca454790bd7724299a176a92738dfed\"}\n>player p1 {\"name\":\"Arkvis\",\"avatar\":\"170\",\"team\":\"Armarouge||Armarougite|FlashFire|ArmorCannon,FlashCannon,DarkPulse,Psyshock|Timid|4,,,252,,252|M|,0,,,,|||,,,,,Fire]Regifly||HeavyDutyBoots|GaleWings|Roost,Aeroblast,Protect,Defog|Naive|4,,,252,,252|M|,0,,,,|||,,,,,Flying]Cryogonal||FocusSash|Levitate|RapidSpin,Recover,FreezeDry,FlashCannon|Timid|4,,,252,,252|N||||,,,,,Ice]Raging Bolt||ChoiceSpecs|Protosynthesis|Thunderbolt,DracoMeteor,VoltSwitch,Thunderclap|Modest|4,,,252,,252|N|,20,,,,|||,Fighting,,,,Electric]Meowscarada||ChoiceScarf|Protean|KnockOff,TripleAxel,Uturn,FlowerTrick|Jolly|20,,,248,,240|M||||,,,,,Grass]Manaphy||Leftovers|Hydration|TailGlow,AlluringVoice,Surf,Substitute|Timid|4,,,252,,252|N|,0,,,,|||,,,,,Fairy\",\"rating\":0}\n>player p2 {\"name\":\"wizzz7\",\"avatar\":\"169\",\"team\":\"1210|CelebiHell|HeavyDutyBoots|MotorDrive|RapidSpin,DazzlingGleam,Recover,Uturn|Timid|252,,160,,,96|M||||,,,,,Steel]2020|TornadusTherian|AssaultVest|Regenerator|BleakwindStorm,TeraBlast,KnockOff,Uturn|Timid|252,,,,108,148|M||||,,,,,Ground]4020|SlowkingGalar|BlackSludge|Regenerator|IceBeam,HydroPump,ThunderWave,ChillyReception|Sassy|252,,,4,252,|M|,0,,,,|||,,,,,Poison]5010|SamurottHisui|ChoiceScarf|Sharpness|CeaselessEdge,RazorShell,KnockOff,FlipTurn|Adamant|,252,,,4,252|M||||,,,,,Water]7000|Maushold|WideLens|Technician|PopulationBomb,ThunderWave,Bite,Encore|Jolly|48,252,,,,208|N||||,,,,,Normal]3101|MiloticHell|MiloticiteHELL|Multiscale|DragonEnergy,Surf,AuroraVeil,Recover|Timid|88,,,252,,168|M|,0,,,,|||,,,,,Dragon\",\"rating\":0}\n>chat ☆Arkvis|Glhf\n>p1 team 5, 2, 3, 4, 1, 6\n>p2 team 2, 1, 3, 4, 5, 6\n>chat ☆wizzz7|u2\n>p1 move uturn\n>p2 switch 2\n>p1 switch 5\n>p1 move armorcannon mega\n>p2 switch 6\n>p1 move flashcannon\n>p2 move recover mega\n>chat ☆Arkvis|uh oh\n>p1 move flashcannon\n>p2 move surf\n>p1 switch 4\n>p1 move dracometeor terastallize\n>p2 switch 6\n>p1 switch 6\n>p2 move uturn\n>p2 switch 5\n>p1 move substitute\n>p2 move thunderwave\n>p1 move surf\n>p2 move encore\n>p1 move substitute\n>p2 move populationbomb\n>chat ~SparksTheNeo|population bomb moment\n>chat ☆Arkvis|He hurtsd\n>p1 switch 6\n>p1 move thunderclap\n>p2 switch 5\n>p1 move thunderclap\n>p2 move uturn\n>p2 switch 3\n>chat ~SparksTheNeo|:3\n>chat ☆Arkvis|Im throwing dw\n>p1 switch 2\n>p2 move chillyreception\n>p2 switch 2\n>p1 move aeroblast\n>p2 move uturn\n>p2 switch 6\n>chat ☆wizzz7|wow I didn't consider that my veil tech wouldn't work cause of prim sea LOL\n>p1 move roost\n>p2 move surf\n>p1 switch 5\n>p1 move tripleaxel\n>p2 switch 3\n>p1 switch 3\n>p2 move dazzlinggleam\n>p1 move freezedry\n>p2 move dazzlinggleam\n>p1 move flashcannon\n>p2 move recover\n>p1 move flashcannon\n>p2 move recover\n>p1 move flashcannon\n>p2 switch 6\n>p1 move freezedry\n>p2 move uturn\n>p2 switch 2\n>p1 switch 2\n>p2 move thunderwave\n>p1 move thunderbolt\n>p2 move chillyreception\n>p2 switch 2\n>p1 move thunderbolt\n>p2 move terablast terastallize\n>chat ☆Arkvis|I dumb\n>p1 switch 2\n>p2 move knockoff\n>p1 move recover\n>p2 move terablast\n>p1 move freezedry\n>p2 move bleakwindstorm\n>p1 move freezedry\n>p2 move uturn\n>chat ☆wizzz7|I hate bleak wind so much\n>p2 switch 2\n>p1 move recover\n>p2 move chillyreception\n>p2 switch 2\n>p1 move freezedry\n>p2 move uturn\n>p2 switch 2\n>chat ☆Arkvis|I hate regen\n>p1 move freezedry\n>p2 move chillyreception\n>p2 switch 2\n>p1 move freezedry\n>p2 move bleakwindstorm\n>p1 move freezedry\n>p2 move bleakwindstorm\n>p1 move freezedry\n>p2 move knockoff\n>p1 switch 3\n>p1 move flowertrick\n>p2 switch 6\n>p1 move flowertrick\n>p2 move recover\n>p2 switch 3\n>p1 move flowertrick\n>p2 move recover\n>p1 switch 2\n>p2 move dragonenergy\n>p1 switch 2\n>chat ☆wizzz7|gg\n>p1 move tripleaxel\n>p2 move dragonenergy\n>chat ~SparksTheNeo|doragon energyyyyyy\n>p2 switch 4\n>p1 move tripleaxel\n>p2 move ceaselessedge\n>p1 move tripleaxel\n>p2 move ceaselessedge","uploadtime":1761940631}