{"id":"gen9natdexdraft-224","log":"|j|☆SparksTheNeo\n|j|☆menace2sociteh\n|t:|1762457847\n|gametype|singles\n|player|p1|SparksTheNeo|266|\n|player|p2|menace2sociteh|266|\n|gen|9\n|tier|[Gen 9] NatDex Draft\n|rule|Tera Type Preview: Tera Types are shown at Team Preview\n|rule|Sleep Clause Mod: Limit one foe put to sleep\n|rule|OHKO Clause: OHKO moves are banned\n|rule|Evasion Clause: Evasion abilities, items, and moves are banned\n|rule|Evasion Abilities Clause: Evasion abilities are banned\n|rule|Evasion Items Clause: Evasion items are banned\n|rule|Evasion Moves Clause: Evasion moves are banned\n|rule|Endless Battle Clause: Forcing endless battles is banned\n|rule|HP Percentage Mod: HP is shown in percentages\n|raw|<div class=\"infobox\"><details class=\"readmore\" open><summary><strong>1 custom rule:</strong></summary> Tera Type Preview</details></div>\n|clearpoke\n|poke|p1|Roserade-Hell, M|\n|poke|p1|Mienshao-Hoenn, M|\n|poke|p1|Heatran, F|\n|poke|p1|Garchomp, M|\n|poke|p1|Ditto|\n|poke|p1|Tsareena, F|\n|poke|p2|Tyrantrum, M|\n|poke|p2|Hippowdon, M|\n|poke|p2|Elecprobe|\n|poke|p2|Wild Wind, M|\n|poke|p2|Tauros-Paldea-Blaze, M|\n|poke|p2|Dracovish|\n|raw|SparksTheNeo's Tera Types:<br /><psicon pokemon=\"roseradehell\" /><psicon type=\"Dark\" /> / <psicon pokemon=\"mienshaohoenn\" /><psicon type=\"Water\" /> / <psicon pokemon=\"heatran\" /><psicon type=\"Grass\" /> / <psicon pokemon=\"garchomp\" /><psicon type=\"Dragon\" /> / <psicon pokemon=\"ditto\" /><psicon type=\"Normal\" /> / <psicon pokemon=\"tsareena\" /><psicon type=\"Grass\" />\n|raw|menace2sociteh's Tera Types:<br /><psicon pokemon=\"tyrantrum\" /><psicon type=\"Rock\" /> / <psicon pokemon=\"hippowdon\" /><psicon type=\"Ground\" /> / <psicon pokemon=\"elecprobe\" /><psicon type=\"Ground\" /> / <psicon pokemon=\"wildwind\" /><psicon type=\"Fairy\" /> / <psicon pokemon=\"taurospaldeablaze\" /><psicon type=\"Fighting\" /> / <psicon pokemon=\"dracovish\" /><psicon type=\"Water\" />\n|teampreview\n|c|☆SparksTheNeo|hf\n|c|☆menace2sociteh|Lesgo\n|c|☆menace2sociteh|Hf\n|\n|t:|1762457905\n|teamsize|p1|6\n|teamsize|p2|6\n|start\n|switch|p1a: Mienshao-Hoenn|Mienshao-Hoenn, M|100/100\n|switch|p2a: Wild Wind|Wild Wind, M|100/100\n|turn|1\n|\n|t:|1762457924\n|move|p2a: Wild Wind|Moonblast|p1a: Mienshao-Hoenn\n|-supereffective|p1a: Mienshao-Hoenn\n|-damage|p1a: Mienshao-Hoenn|0 fnt\n|faint|p1a: Mienshao-Hoenn\n|\n|upkeep\n|c|☆menace2sociteh|Ayy\n|\n|t:|1762457933\n|switch|p1a: Heatran|Heatran, F|100/100\n|-item|p1a: Heatran|Air Balloon\n|turn|2\n|\n|t:|1762457948\n|-end|p2a: Wild Wind|Protosynthesis|[silent]\n|switch|p2a: Tauros|Tauros-Paldea-Blaze, M|100/100\n|-ability|p2a: Tauros|Intimidate|boost\n|-unboost|p1a: Heatran|atk|1\n|move|p1a: Heatran|Stealth Rock|p2a: Tauros\n|-sidestart|p2: menace2sociteh|move: Stealth Rock\n|\n|upkeep\n|turn|3\n|\n|t:|1762457957\n|switch|p1a: Garchomp|Garchomp, M|100/100\n|move|p2a: Tauros|Body Press|p1a: Garchomp\n|-damage|p1a: Garchomp|65/100\n|-damage|p2a: Tauros|88/100|[from] ability: Rough Skin|[of] p1a: Garchomp\n|\n|upkeep\n|turn|4\n|\n|t:|1762457994\n|switch|p2a: Hippowdon|Hippowdon, M|100/100\n|-damage|p2a: Hippowdon|94/100|[from] Stealth Rock\n|-weather|Sandstorm|[from] ability: Sand Stream|[of] p2a: Hippowdon\n|move|p1a: Garchomp|Poison Jab|p2a: Hippowdon\n|-resisted|p2a: Hippowdon\n|-damage|p2a: Hippowdon|85/100\n|\n|-weather|Sandstorm|[upkeep]\n|upkeep\n|turn|5\n|\n|t:|1762458016\n|move|p1a: Garchomp|Spikes|p2a: Hippowdon\n|-sidestart|p2: menace2sociteh|Spikes\n|move|p2a: Hippowdon|Curse|p2a: Hippowdon\n|-unboost|p2a: Hippowdon|spe|1\n|-boost|p2a: Hippowdon|atk|1\n|-boost|p2a: Hippowdon|def|1\n|\n|-weather|Sandstorm|[upkeep]\n|upkeep\n|turn|6\n|\n|t:|1762458066\n|switch|p1a: Heatran|Heatran, F|100/100\n|-item|p1a: Heatran|Air Balloon\n|move|p2a: Hippowdon|Ice Fang|p1a: Heatran\n|-resisted|p1a: Heatran\n|-damage|p1a: Heatran|95/100\n|-enditem|p1a: Heatran|Air Balloon\n|\n|-weather|Sandstorm|[upkeep]\n|upkeep\n|turn|7\n|\n|t:|1762458075\n|-terastallize|p1a: Heatran|Grass\n|move|p1a: Heatran|Toxic|p2a: Hippowdon\n|-status|p2a: Hippowdon|tox\n|move|p2a: Hippowdon|Earthquake|p1a: Heatran\n|-resisted|p1a: Heatran\n|-damage|p1a: Heatran|65/100\n|\n|-weather|Sandstorm|[upkeep]\n|-damage|p1a: Heatran|59/100|[from] Sandstorm\n|-damage|p2a: Hippowdon|79/100 tox|[from] psn\n|upkeep\n|turn|8\n|\n|t:|1762458102\n|move|p1a: Heatran|Magma Storm|p2a: Hippowdon\n|-damage|p2a: Hippowdon|30/100 tox\n|-activate|p2a: Hippowdon|move: Magma Storm|[of] p1a: Heatran\n|move|p2a: Hippowdon|Ice Fang|p1a: Heatran\n|-supereffective|p1a: Heatran\n|-damage|p1a: Heatran|9/100\n|\n|-weather|Sandstorm|[upkeep]\n|-damage|p1a: Heatran|3/100|[from] Sandstorm\n|-damage|p2a: Hippowdon|17/100 tox|[from] psn\n|-damage|p2a: Hippowdon|5/100 tox|[from] move: Magma Storm|[partiallytrapped]\n|upkeep\n|turn|9\n|\n|t:|1762458115\n|move|p1a: Heatran|Earth Power|p2a: Hippowdon\n|-damage|p2a: Hippowdon|0 fnt\n|faint|p2a: Hippowdon\n|\n|-weather|Sandstorm|[upkeep]\n|-damage|p1a: Heatran|0 fnt|[from] Sandstorm\n|faint|p1a: Heatran\n|upkeep\n|\n|t:|1762458144\n|switch|p1a: Ditto|Ditto|100/100\n|switch|p2a: Dracovish|Dracovish|100/100\n|-damage|p2a: Dracovish|88/100|[from] Stealth Rock\n|-damage|p2a: Dracovish|76/100|[from] Spikes\n|-transform|p1a: Ditto|p2a: Dracovish|[from] ability: Imposter\n|turn|10\n|\n|t:|1762458180\n|move|p2a: Dracovish|Leech Life|p1a: Ditto\n|-damage|p1a: Ditto|58/100\n|-heal|p2a: Dracovish|96/100|[from] drain|[of] p1a: Ditto\n|move|p1a: Ditto|Leech Life|p2a: Dracovish\n|-damage|p2a: Dracovish|68/100\n|-heal|p1a: Ditto|72/100|[from] drain|[of] p2a: Dracovish\n|\n|-weather|Sandstorm|[upkeep]\n|upkeep\n|turn|11\n|\n|t:|1762458189\n|move|p2a: Dracovish|Leech Life|p1a: Ditto\n|-damage|p1a: Ditto|34/100\n|-heal|p2a: Dracovish|86/100|[from] drain|[of] p1a: Ditto\n|move|p1a: Ditto|Leech Life|p2a: Dracovish\n|-damage|p2a: Dracovish|60/100\n|-heal|p1a: Ditto|48/100|[from] drain|[of] p2a: Dracovish\n|\n|-weather|none\n|upkeep\n|turn|12\n|\n|t:|1762458205\n|move|p2a: Dracovish|Leech Life|p1a: Ditto\n|-damage|p1a: Ditto|6/100\n|-heal|p2a: Dracovish|80/100|[from] drain|[of] p1a: Ditto\n|move|p1a: Ditto|Leech Life|p2a: Dracovish\n|-crit|p2a: Dracovish\n|-damage|p2a: Dracovish|39/100\n|-heal|p1a: Ditto|28/100|[from] drain|[of] p2a: Dracovish\n|\n|upkeep\n|turn|13\n|\n|t:|1762458218\n|switch|p1a: Garchomp|Garchomp, M|65/100\n|move|p2a: Dracovish|Leech Life|p1a: Garchomp\n|-damage|p1a: Garchomp|35/100\n|-heal|p2a: Dracovish|59/100|[from] drain|[of] p1a: Garchomp\n|-damage|p2a: Dracovish|46/100|[from] ability: Rough Skin|[of] p1a: Garchomp\n|\n|upkeep\n|turn|14\n|\n|t:|1762458228\n|move|p2a: Dracovish|Leech Life|p1a: Garchomp\n|-damage|p1a: Garchomp|7/100\n|-heal|p2a: Dracovish|65/100|[from] drain|[of] p1a: Garchomp\n|-damage|p2a: Dracovish|52/100|[from] ability: Rough Skin|[of] p1a: Garchomp\n|move|p1a: Garchomp|Earthquake|p2a: Dracovish\n|-damage|p2a: Dracovish|0 fnt\n|faint|p2a: Dracovish\n|\n|upkeep\n|\n|t:|1762458260\n|switch|p2a: Elecprobe|Elecprobe|100/100\n|-damage|p2a: Elecprobe|88/100|[from] Stealth Rock\n|-damage|p2a: Elecprobe|76/100|[from] Spikes\n|turn|15\n|\n|t:|1762458275\n|move|p2a: Elecprobe|Tera Blast|p1a: Garchomp\n|-damage|p1a: Garchomp|0 fnt\n|faint|p1a: Garchomp\n|\n|upkeep\n|\n|t:|1762458293\n|switch|p1a: Tsareena|Tsareena, F|100/100\n|turn|16\n|\n|t:|1762458301\n|move|p2a: Elecprobe|Reflect|p2a: Elecprobe\n|-sidestart|p2: menace2sociteh|Reflect\n|move|p1a: Tsareena|U-turn|p2a: Elecprobe\n|-supereffective|p2a: Elecprobe\n|-damage|p2a: Elecprobe|42/100\n|\n|t:|1762458307\n|switch|p1a: Ditto|Ditto|28/100|[from] U-turn\n|-transform|p1a: Ditto|p2a: Elecprobe|[from] ability: Imposter\n|\n|upkeep\n|turn|17\n|\n|t:|1762458347\n|switch|p2a: Wild Wind|Wild Wind, M|100/100\n|-damage|p2a: Wild Wind|88/100|[from] Stealth Rock\n|-damage|p2a: Wild Wind|76/100|[from] Spikes\n|move|p1a: Ditto|Volt Switch|p2a: Wild Wind\n|-resisted|p2a: Wild Wind\n|-damage|p2a: Wild Wind|59/100\n|\n|t:|1762458354\n|switch|p1a: Tsareena|Tsareena, F|100/100|[from] Volt Switch\n|\n|upkeep\n|turn|18\n|\n|t:|1762458363\n|move|p2a: Wild Wind|Dire Claw|p1a: Tsareena\n|-supereffective|p1a: Tsareena\n|-damage|p1a: Tsareena|81/100\n|-status|p1a: Tsareena|psn\n|-damage|p2a: Wild Wind|43/100|[from] item: Rocky Helmet|[of] p1a: Tsareena\n|move|p1a: Tsareena|U-turn|p2a: Wild Wind\n|-damage|p2a: Wild Wind|35/100\n|\n|t:|1762458381\n|switch|p1a: Ditto|Ditto|28/100|[from] U-turn\n|-transform|p1a: Ditto|p2a: Wild Wind|[from] ability: Imposter\n|\n|upkeep\n|turn|19\n|\n|t:|1762458389\n|-end|p1a: Ditto|Protosynthesis|[silent]\n|switch|p1a: Tsareena|Tsareena, F|81/100 psn\n|move|p2a: Wild Wind|Dire Claw|p1a: Tsareena\n|-supereffective|p1a: Tsareena\n|-damage|p1a: Tsareena|61/100 psn\n|-damage|p2a: Wild Wind|18/100|[from] item: Rocky Helmet|[of] p1a: Tsareena\n|\n|-damage|p1a: Tsareena|49/100 psn|[from] psn\n|upkeep\n|turn|20\n|\n|t:|1762458403\n|move|p2a: Wild Wind|Dire Claw|p1a: Tsareena\n|-supereffective|p1a: Tsareena\n|-damage|p1a: Tsareena|30/100 psn\n|-damage|p2a: Wild Wind|2/100|[from] item: Rocky Helmet|[of] p1a: Tsareena\n|move|p1a: Tsareena|Synthesis|p1a: Tsareena\n|-heal|p1a: Tsareena|80/100 psn\n|\n|-damage|p1a: Tsareena|68/100 psn|[from] psn\n|upkeep\n|turn|21\n|\n|t:|1762458411\n|-end|p2a: Wild Wind|Protosynthesis|[silent]\n|switch|p2a: Tauros|Tauros-Paldea-Blaze, M|88/100\n|-damage|p2a: Tauros|76/100|[from] Stealth Rock\n|-damage|p2a: Tauros|63/100|[from] Spikes\n|-ability|p2a: Tauros|Intimidate|boost\n|-unboost|p1a: Tsareena|atk|1\n|move|p1a: Tsareena|Synthesis|p1a: Tsareena\n|-heal|p1a: Tsareena|100/100 psn\n|\n|-damage|p1a: Tsareena|88/100 psn|[from] psn\n|upkeep\n|turn|22\n|\n|t:|1762458424\n|move|p2a: Tauros|Raging Bull|p1a: Tsareena\n|-supereffective|p1a: Tsareena\n|-damage|p1a: Tsareena|42/100 psn\n|-damage|p2a: Tauros|47/100|[from] item: Rocky Helmet|[of] p1a: Tsareena\n|move|p1a: Tsareena|Trop Kick|p2a: Tauros\n|-resisted|p2a: Tauros\n|-damage|p2a: Tauros|43/100\n|-unboost|p2a: Tauros|atk|1\n|-damage|p1a: Tsareena|25/100 psn|[from] item: Rocky Helmet|[of] p2a: Tauros\n|\n|-damage|p1a: Tsareena|13/100 psn|[from] psn\n|upkeep\n|turn|23\n|\n|t:|1762458438\n|move|p2a: Tauros|Raging Bull|p1a: Tsareena\n|-supereffective|p1a: Tsareena\n|-damage|p1a: Tsareena|0 fnt\n|-damage|p2a: Tauros|27/100|[from] item: Rocky Helmet|[of] p1a: Tsareena\n|faint|p1a: Tsareena\n|\n|-sideend|p2: menace2sociteh|Reflect\n|upkeep\n|\n|t:|1762458449\n|switch|p1a: Roserade-Hell|Roserade-Hell, M|100/100\n|turn|24\n|\n|t:|1762458462\n|switch|p2a: Wild Wind|Wild Wind, M|2/100\n|-damage|p2a: Wild Wind|0 fnt|[from] Stealth Rock\n|faint|p2a: Wild Wind\n|-end|p2a: Wild Wind|Protosynthesis|[silent]\n|detailschange|p1a: Roserade-Hell|Roserade-Hell-Mega, M\n|-mega|p1a: Roserade-Hell|Roserade-Hell|Roseradite HELL\n|move|p1a: Roserade-Hell|Play Rough|p2: Wild Wind|[notarget]\n|-fail|p1a: Roserade-Hell\n|\n|upkeep\n|\n|t:|1762458480\n|switch|p2a: Tauros|Tauros-Paldea-Blaze, M|27/100\n|-damage|p2a: Tauros|14/100|[from] Stealth Rock\n|-damage|p2a: Tauros|2/100|[from] Spikes\n|-ability|p2a: Tauros|Intimidate|boost\n|-unboost|p1a: Roserade-Hell|atk|1\n|turn|25\n|\n|t:|1762458491\n|move|p1a: Roserade-Hell|Wicked Blow|p2a: Tauros\n|-resisted|p2a: Tauros\n|-crit|p2a: Tauros\n|-damage|p2a: Tauros|0 fnt\n|-damage|p1a: Roserade-Hell|84/100|[from] item: Rocky Helmet|[of] p2a: Tauros\n|faint|p2a: Tauros\n|-ability|p1a: Roserade-Hell|Moxie|boost\n|-boost|p1a: Roserade-Hell|atk|1\n|\n|upkeep\n|\n|t:|1762458494\n|switch|p2a: Elecprobe|Elecprobe|42/100\n|-damage|p2a: Elecprobe|30/100|[from] Stealth Rock\n|-damage|p2a: Elecprobe|17/100|[from] Spikes\n|turn|26\n|\n|t:|1762458510\n|move|p2a: Elecprobe|Reflect|p2a: Elecprobe\n|-sidestart|p2: menace2sociteh|Reflect\n|move|p1a: Roserade-Hell|Wicked Blow|p2a: Elecprobe\n|-crit|p2a: Elecprobe\n|-damage|p2a: Elecprobe|0 fnt\n|-damage|p1a: Roserade-Hell|59/100|[from] ability: Aftermath|[of] p2a: Elecprobe\n|faint|p2a: Elecprobe\n|-ability|p1a: Roserade-Hell|Moxie|boost\n|-boost|p1a: Roserade-Hell|atk|1\n|\n|upkeep\n|\n|t:|1762458514\n|switch|p2a: Tyrantrum|Tyrantrum, M|100/100\n|-damage|p2a: Tyrantrum|88/100|[from] Stealth Rock\n|-damage|p2a: Tyrantrum|76/100|[from] Spikes\n|turn|27\n|\n|t:|1762458524\n|detailschange|p2a: Tyrantrum|Tyrantrum-Mega, M\n|-mega|p2a: Tyrantrum|Tyrantrum|Tyrantrumite\n|move|p1a: Roserade-Hell|Play Rough|p2a: Tyrantrum\n|-supereffective|p2a: Tyrantrum\n|-damage|p2a: Tyrantrum|14/100\n|move|p2a: Tyrantrum|Dragon Dance|p2a: Tyrantrum\n|-boost|p2a: Tyrantrum|atk|1\n|-boost|p2a: Tyrantrum|spe|1\n|\n|upkeep\n|turn|28\n|c|☆menace2sociteh|Gg well played\n|\n|t:|1762458532\n|move|p2a: Tyrantrum|Play Rough|p1a: Roserade-Hell\n|-supereffective|p1a: Roserade-Hell\n|-damage|p1a: Roserade-Hell|0 fnt\n|faint|p1a: Roserade-Hell\n|detailschange|p1: Roserade-Hell|Roserade-Hell, M|[silent]\n|\n|upkeep\n|\n|t:|1762458535\n|switch|p1a: Ditto|Ditto|28/100\n|-transform|p1a: Ditto|p2a: Tyrantrum|[from] ability: Imposter\n|turn|29\n|c|☆SparksTheNeo|i just wanna say\n|c|☆SparksTheNeo|this is a 50/50\n|c|☆SparksTheNeo|im AV LOL\n|c|☆menace2sociteh|Nh\n|c|☆menace2sociteh|OH\n|c|☆menace2sociteh|haha\n|c|☆menace2sociteh|Well gg anyway\n|c|☆SparksTheNeo|coinflip of the century\n|\n|t:|1762458560\n|move|p1a: Ditto|Crunch|p2a: Tyrantrum\n|-resisted|p2a: Tyrantrum\n|-damage|p2a: Tyrantrum|0 fnt\n|faint|p2a: Tyrantrum\n|detailschange|p2: Tyrantrum|Tyrantrum, M|[silent]\n|\n|win|SparksTheNeo\n|c|☆menace2sociteh|Hehe\n|c|☆menace2sociteh|Gg\n|c|☆SparksTheNeo|fuck yeah\n|c|☆SparksTheNeo|gg\n","players":["SparksTheNeo","menace2sociteh"],"format":"[Gen 9] NatDex Draft","rating":null,"private":0,"password":null,"inputlog":">version 1f1988460a13998c27789cfd1e133c4b947b2f4e\n>start {\"formatid\":\"gen9natdexdraft@@@Tera Type Preview\",\"seed\":\"sodium,aea46e5197c36fa2a42aa13e731fe521\"}\n>player p1 {\"name\":\"SparksTheNeo\",\"avatar\":\"266\",\"team\":\"Roserade-Hell||RoseraditeHELL|NaturalCure|SwordsDance,PlayRough,WickedBlow,PoisonJab|Jolly|,252,,,4,252|M||||,,,,,Dark]Mienshao-Hoenn||ChoiceScarf|Regenerator|CloseCombat,IceSpinner,SurgingStrikes,Uturn|Jolly|,252,,,4,252|M||||,,,,,Water]Heatran||AirBalloon|FlameBody|EarthPower,MagmaStorm,StealthRock,Toxic|Calm|252,,,4,252,|F|,0,,,,|||,,,,,Grass]Garchomp||YacheBerry|RoughSkin|Earthquake,PoisonJab,StoneEdge,Spikes|Adamant|252,252,,,4,|M||||,,,,,Dragon]Ditto||AssaultVest|Imposter|Transform||252,,,,,|N|,30,,,,|||,,,,,Normal]Tsareena||RockyHelmet|QueenlyMajesty|Synthesis,RapidSpin,TropKick,Uturn|Impish|252,4,252,,,|F||||,,,,,Grass\",\"rating\":0}\n>player p2 {\"name\":\"menace2sociteh\",\"avatar\":\"266\",\"team\":\"Tyrantrum||Tyrantrumite|StrongJaw|DragonDance,Crunch,ZenHeadbutt,PlayRough|Jolly|,252,,,4,252|M||||,,,,,Rock]Hippowdon||SmoothRock|SandStream|Earthquake,IceFang,Curse,SlackOff|Adamant|252,128,128,,,|M||||,,,,,Ground]Elecprobe||LightClay|Aftermath|ElectroDrift,VoltSwitch,Reflect,TeraBlast|Modest|,,,252,16,240|N||||,,,,,Ground]Wild Wind||ChoiceScarf|Protosynthesis|Moonblast,Uturn,Encore,DireClaw|Timid|80,,68,168,,192|M||||,,,,,Fairy]Tauros|TaurosPaldeaBlaze|RockyHelmet|Intimidate|BodyPress,RagingBull,WillOWisp,Earthquake|Impish|252,,252,,,4|M||||,,,,,Fighting]Dracovish||ChoiceBand|SandRush|FishiousRend,PsychicFangs,Substitute,LeechLife|Adamant|,252,,,4,252|N||||,,,,,Water\",\"rating\":0}\n>chat ☆SparksTheNeo|hf\n>chat ☆menace2sociteh|Lesgo\n>chat ☆menace2sociteh|Hf\n>p1 team 2, 1, 3, 4, 5, 6\n>p2 team 4, 2, 3, 1, 5, 6\n>p1 move uturn\n>p2 move moonblast\n>chat ☆menace2sociteh|Ayy\n>p1 switch 3\n>p1 move stealthrock\n>p2 switch 5\n>p1 switch 4\n>p2 move bodypress\n>p1 move poisonjab\n>p2 switch 2\n>p1 move spikes\n>p2 move curse\n>p1 switch 4\n>p2 move icefang\n>p1 move toxic terastallize\n>p2 move earthquake\n>p1 move magmastorm\n>p2 move icefang\n>p1 move earthpower\n>p2 move slackoff\n>p1 switch 5\n>p2 switch 6\n>p1 move leechlife\n>p2 move leechlife\n>p1 move leechlife\n>p2 move leechlife\n>p1 move leechlife\n>p2 move leechlife\n>p1 switch 4\n>p2 move leechlife\n>p1 move earthquake\n>p2 move leechlife\n>p2 switch 3\n>p1 move poisonjab\n>p2 move terablast\n>p1 switch 6\n>p1 move uturn\n>p2 move reflect\n>p1 switch 4\n>p1 move voltswitch\n>p2 switch 5\n>p1 switch 4\n>p1 move uturn\n>p2 move direclaw\n>p1 switch 4\n>p1 switch 4\n>p2 move direclaw\n>p1 move synthesis\n>p2 move direclaw\n>p1 move synthesis\n>p2 switch 2\n>p1 move tropkick\n>p2 move ragingbull\n>p1 move synthesis\n>p2 move ragingbull\n>p1 switch 2\n>p1 move playrough mega\n>p2 switch 2\n>p2 switch 2\n>p1 move wickedblow\n>p2 move bodypress\n>p2 switch 5\n>p1 move wickedblow\n>p2 move reflect\n>p2 switch 4\n>p1 move playrough\n>p2 move dragondance mega\n>chat ☆menace2sociteh|Gg well played\n>p1 move playrough\n>p2 move playrough\n>p1 switch 4\n>chat ☆SparksTheNeo|i just wanna say\n>chat ☆SparksTheNeo|this is a 50/50\n>chat ☆SparksTheNeo|im AV LOL\n>chat ☆menace2sociteh|Nh\n>chat ☆menace2sociteh|OH\n>chat ☆menace2sociteh|haha\n>chat ☆menace2sociteh|Well gg anyway\n>chat ☆SparksTheNeo|coinflip of the century\n>p1 move crunch\n>p2 move playrough","uploadtime":1762458565}