{"id":"gen9natdexdraft-190","log":"|j|☆MastersHideout\n|j|☆GooseFragger\n|t:|1761934087\n|gametype|singles\n|player|p1|MastersHideout|170|\n|player|p2|GooseFragger|1|\n|gen|9\n|tier|[Gen 9] NatDex Draft\n|rule|Tera Type Preview: Tera Types are shown at Team Preview\n|rule|Sleep Clause Mod: Limit one foe put to sleep\n|rule|OHKO Clause: OHKO moves are banned\n|rule|Evasion Clause: Evasion abilities, items, and moves are banned\n|rule|Evasion Abilities Clause: Evasion abilities are banned\n|rule|Evasion Items Clause: Evasion items are banned\n|rule|Evasion Moves Clause: Evasion moves are banned\n|rule|Endless Battle Clause: Forcing endless battles is banned\n|rule|HP Percentage Mod: HP is shown in percentages\n|raw|<div class=\"infobox\"><details class=\"readmore\" open><summary><strong>1 custom rule:</strong></summary> Tera Type Preview</details></div>\n|clearpoke\n|poke|p1|Kartana|\n|poke|p1|Galvantula, M|\n|poke|p1|Slowbro, M|\n|poke|p1|Ceruledge, M|\n|poke|p1|Darkrai|\n|poke|p1|Latios, M|\n|poke|p2|Lugaya, F|\n|poke|p2|Kabuyeti-Climb, F|\n|poke|p2|Gardevoir-Hell, F|\n|poke|p2|Gloomhorn, F|\n|poke|p2|Corviknight, F|\n|poke|p2|Flygon, F|\n|raw|MastersHideout's Tera Types:<br /><psicon pokemon=\"kartana\" /><psicon type=\"Bug\" /> / <psicon pokemon=\"galvantula\" /><psicon type=\"Bug\" /> / <psicon pokemon=\"slowbro\" /><psicon type=\"Bug\" /> / <psicon pokemon=\"ceruledge\" /><psicon type=\"Fairy\" /> / <psicon pokemon=\"darkrai\" /><psicon type=\"Bug\" /> / <psicon pokemon=\"latios\" /><psicon type=\"Bug\" />\n|raw|GooseFragger's Tera Types:<br /><psicon pokemon=\"lugaya\" /><psicon type=\"Fairy\" /> / <psicon pokemon=\"kabuyeticlimb\" /><psicon type=\"Ice\" /> / <psicon pokemon=\"gardevoirhell\" /><psicon type=\"Fairy\" /> / <psicon pokemon=\"gloomhorn\" /><psicon type=\"Dark\" /> / <psicon pokemon=\"corviknight\" /><psicon type=\"Flying\" /> / <psicon pokemon=\"flygon\" /><psicon type=\"Ground\" />\n|teampreview\n|c|☆GooseFragger|good luck\n|c|☆MastersHideout|gl hf\n|\n|t:|1761934122\n|teamsize|p1|6\n|teamsize|p2|6\n|start\n|switch|p1a: Latios|Latios, M|100/100\n|switch|p2a: Kabuyeti-Climb|Kabuyeti-Climb, F|100/100\n|-ability|p2a: Kabuyeti-Climb|Mold Breaker\n|turn|1\n|\n|t:|1761934146\n|move|p2a: Kabuyeti-Climb|Icicle Crash|p1a: Latios|[miss]\n|-miss|p2a: Kabuyeti-Climb|p1a: Latios\n|move|p1a: Latios|Flip Turn|p2a: Kabuyeti-Climb\n|-supereffective|p2a: Kabuyeti-Climb\n|-damage|p2a: Kabuyeti-Climb|65/100\n|c|☆MastersHideout|crazy turn 1 already\n|\n|t:|1761934163\n|switch|p1a: Slowbro|Slowbro, M|100/100|[from] Flip Turn\n|\n|upkeep\n|turn|2\n|\n|t:|1761934181\n|switch|p2a: Lugaya|Lugaya, F|100/100\n|move|p1a: Slowbro|Future Sight|p2a: Lugaya\n|-start|p1a: Slowbro|move: Future Sight\n|\n|upkeep\n|turn|3\n|\n|t:|1761934189\n|-terastallize|p2a: Lugaya|Fairy\n|move|p2a: Lugaya|Toxic|p1a: Slowbro\n|-status|p1a: Slowbro|tox\n|move|p1a: Slowbro|Psychic Noise|p2a: Lugaya\n|-damage|p2a: Lugaya|93/100\n|-start|p2a: Lugaya|move: Heal Block\n|\n|-damage|p1a: Slowbro|94/100 tox|[from] psn\n|upkeep\n|turn|4\n|\n|t:|1761934209\n|switch|p1a: Kartana|Kartana|100/100\n|move|p2a: Lugaya|Tera Blast|p1a: Kartana|[anim] Tera Blast Fairy\n|-resisted|p1a: Kartana\n|-damage|p1a: Kartana|75/100\n|\n|-end|p2a: Lugaya|move: Future Sight\n|-damage|p2a: Lugaya|71/100\n|-end|p2a: Lugaya|move: Heal Block\n|upkeep\n|turn|5\n|\n|t:|1761934221\n|switch|p2a: Corviknight|Corviknight, F|100/100\n|move|p1a: Kartana|Leaf Blade|p2a: Corviknight\n|-resisted|p2a: Corviknight\n|-damage|p2a: Corviknight|92/100\n|-damage|p1a: Kartana|65/100|[from] item: Life Orb\n|\n|-heal|p2a: Corviknight|99/100|[from] item: Leftovers\n|upkeep\n|turn|6\n|\n|t:|1761934230\n|switch|p1a: Slowbro|Slowbro, M|100/100 tox\n|move|p2a: Corviknight|U-turn|p1a: Slowbro\n|-supereffective|p1a: Slowbro\n|-damage|p1a: Slowbro|79/100 tox\n|j| Arkvis\n|\n|t:|1761934237\n|switch|p2a: Flygon|Flygon, F|100/100|[from] U-turn\n|\n|-damage|p1a: Slowbro|73/100 tox|[from] psn\n|upkeep\n|turn|7\n|\n|t:|1761934245\n|detailschange|p2a: Flygon|Flygon-Mega-A, F\n|-mega|p2a: Flygon|Flygon|Flygonite A\n|move|p2a: Flygon|U-turn|p1a: Slowbro\n|-supereffective|p1a: Slowbro\n|-damage|p1a: Slowbro|6/100 tox\n|\n|t:|1761934251\n|switch|p2a: Lugaya|Lugaya, F, tera:Fairy|71/100|[from] U-turn\n|move|p1a: Slowbro|Future Sight|p2a: Lugaya\n|-start|p1a: Slowbro|move: Future Sight\n|\n|-heal|p2a: Lugaya|77/100|[from] item: Leftovers\n|-damage|p1a: Slowbro|0 fnt|[from] psn\n|faint|p1a: Slowbro\n|upkeep\n|\n|t:|1761934262\n|switch|p1a: Darkrai|Darkrai|100/100\n|turn|8\n|\n|t:|1761934268\n|move|p1a: Darkrai|Trick|p2a: Lugaya\n|-activate|p1a: Darkrai|move: Trick|[of] p2a: Lugaya\n|-item|p2a: Lugaya|Choice Band|[from] move: Trick\n|-item|p1a: Darkrai|Leftovers|[from] move: Trick\n|move|p2a: Lugaya|Tera Blast|p1a: Darkrai|[anim] Tera Blast Fairy\n|-supereffective|p1a: Darkrai\n|-damage|p1a: Darkrai|49/100\n|\n|-heal|p1a: Darkrai|55/100|[from] item: Leftovers\n|upkeep\n|turn|9\n|\n|t:|1761934278\n|switch|p1a: Ceruledge|Ceruledge, M|100/100\n|move|p2a: Lugaya|Tera Blast|p1a: Ceruledge|[anim] Tera Blast Fairy\n|-resisted|p1a: Ceruledge\n|-damage|p1a: Ceruledge|89/100\n|\n|-end|p2a: Lugaya|move: Future Sight\n|-damage|p2a: Lugaya|54/100\n|upkeep\n|turn|10\n|\n|t:|1761934296\n|switch|p2a: Kabuyeti-Climb|Kabuyeti-Climb, F|65/100\n|-ability|p2a: Kabuyeti-Climb|Mold Breaker\n|move|p1a: Ceruledge|Poltergeist|p2a: Kabuyeti-Climb\n|-activate|p2a: Kabuyeti-Climb|move: Poltergeist|Heavy-Duty Boots\n|-damage|p2a: Kabuyeti-Climb|0 fnt\n|faint|p2a: Kabuyeti-Climb\n|\n|upkeep\n|\n|t:|1761934308\n|switch|p2a: Gloomhorn|Gloomhorn, F|100/100\n|turn|11\n|\n|t:|1761934314\n|switch|p1a: Darkrai|Darkrai|55/100\n|move|p2a: Gloomhorn|Shadow Sneak|p1a: Darkrai\n|-resisted|p1a: Darkrai\n|-damage|p1a: Darkrai|20/100\n|\n|-heal|p1a: Darkrai|26/100|[from] item: Leftovers\n|upkeep\n|turn|12\n|\n|t:|1761934324\n|move|p1a: Darkrai|Sucker Punch|p2a: Gloomhorn\n|-damage|p2a: Gloomhorn|71/100\n|move|p2a: Gloomhorn|Shadow Sneak|p1a: Darkrai\n|-resisted|p1a: Darkrai\n|-damage|p1a: Darkrai|0 fnt\n|faint|p1a: Darkrai\n|\n|upkeep\n|\n|t:|1761934331\n|switch|p1a: Kartana|Kartana|65/100\n|turn|13\n|\n|t:|1761934336\n|switch|p2a: Corviknight|Corviknight, F|99/100\n|move|p1a: Kartana|Knock Off|p2a: Corviknight\n|-damage|p2a: Corviknight|74/100\n|-enditem|p2a: Corviknight|Leftovers|[from] move: Knock Off|[of] p1a: Kartana\n|-damage|p1a: Kartana|55/100|[from] item: Life Orb\n|\n|upkeep\n|turn|14\n|\n|t:|1761934348\n|switch|p1a: Galvantula|Galvantula, M|100/100\n|move|p2a: Corviknight|U-turn|p1a: Galvantula\n|-damage|p1a: Galvantula|87/100\n|\n|t:|1761934368\n|switch|p2a: Lugaya|Lugaya, F, tera:Fairy|54/100|[from] U-turn\n|\n|upkeep\n|turn|15\n|\n|t:|1761934374\n|move|p1a: Galvantula|Volt Switch|p2a: Lugaya\n|-damage|p2a: Lugaya|41/100\n|\n|t:|1761934379\n|switch|p1a: Kartana|Kartana|55/100|[from] Volt Switch\n|move|p2a: Lugaya|Toxic|p1a: Kartana\n|-immune|p1a: Kartana\n|\n|upkeep\n|turn|16\n|\n|t:|1761934387\n|switch|p2a: Corviknight|Corviknight, F|74/100\n|move|p1a: Kartana|Swords Dance|p1a: Kartana\n|-boost|p1a: Kartana|atk|2\n|\n|upkeep\n|turn|17\n|\n|t:|1761934394\n|move|p1a: Kartana|Sacred Sword|p2a: Corviknight\n|-damage|p2a: Corviknight|26/100\n|-damage|p1a: Kartana|46/100|[from] item: Life Orb\n|move|p2a: Corviknight|U-turn|p1a: Kartana\n|-damage|p1a: Kartana|33/100\n|\n|t:|1761934408\n|switch|p2a: Flygon|Flygon-Mega-A, F|100/100|[from] U-turn\n|\n|upkeep\n|turn|18\n|\n|t:|1761934420\n|move|p2a: Flygon|U-turn|p1a: Kartana\n|-damage|p1a: Kartana|0 fnt\n|faint|p1a: Kartana\n|\n|t:|1761934427\n|switch|p2a: Corviknight|Corviknight, F|26/100|[from] U-turn\n|\n|upkeep\n|\n|t:|1761934435\n|switch|p1a: Galvantula|Galvantula, M|87/100\n|turn|19\n|\n|t:|1761934451\n|detailschange|p1a: Galvantula|Galvantula-Mega, M\n|-mega|p1a: Galvantula|Galvantula|Galvantulite\n|-ability|p1a: Galvantula|Beads of Ruin\n|move|p2a: Corviknight|Drill Peck|p1a: Galvantula\n|-damage|p1a: Galvantula|73/100\n|move|p1a: Galvantula|Giga Drain|p2a: Corviknight\n|-resisted|p2a: Corviknight\n|-damage|p2a: Corviknight|19/100\n|-heal|p1a: Galvantula|77/100|[from] drain|[of] p2a: Corviknight\n|\n|upkeep\n|turn|20\n|\n|t:|1761934461\n|move|p2a: Corviknight|Drill Peck|p1a: Galvantula\n|-damage|p1a: Galvantula|61/100\n|move|p1a: Galvantula|Discharge|p2a: Corviknight\n|-supereffective|p2a: Corviknight\n|-damage|p2a: Corviknight|0 fnt\n|faint|p2a: Corviknight\n|\n|upkeep\n|\n|t:|1761934475\n|switch|p2a: Lugaya|Lugaya, F, tera:Fairy|41/100\n|turn|21\n|\n|t:|1761934483\n|switch|p1a: Latios|Latios, M|100/100\n|move|p2a: Lugaya|Toxic|p1a: Latios\n|-status|p1a: Latios|tox\n|\n|-damage|p1a: Latios|95/100 tox|[from] psn\n|upkeep\n|turn|22\n|\n|t:|1761934493\n|switch|p2a: Flygon|Flygon-Mega-A, F|100/100\n|move|p1a: Latios|Luster Purge|p2a: Flygon\n|-damage|p2a: Flygon|7/100\n|-unboost|p2a: Flygon|spd|1\n|\n|-damage|p1a: Latios|83/100 tox|[from] psn\n|upkeep\n|turn|23\n|\n|t:|1761934504\n|move|p2a: Flygon|U-turn|p1a: Latios\n|-supereffective|p1a: Latios\n|-damage|p1a: Latios|0 fnt\n|faint|p1a: Latios\n|\n|t:|1761934511\n|switch|p2a: Lugaya|Lugaya, F, tera:Fairy|41/100|[from] U-turn\n|\n|upkeep\n|\n|t:|1761934519\n|switch|p1a: Ceruledge|Ceruledge, M|89/100\n|turn|24\n|\n|t:|1761934524\n|move|p1a: Ceruledge|Taunt|p2a: Lugaya\n|-start|p2a: Lugaya|move: Taunt\n|cant|p2a: Lugaya|move: Taunt|Toxic\n|\n|upkeep\n|turn|25\n|\n|t:|1761934535\n|switch|p2a: Flygon|Flygon-Mega-A, F|7/100\n|move|p1a: Ceruledge|Poltergeist|p2a: Flygon\n|-activate|p2a: Flygon|move: Poltergeist|Flygonite A\n|-damage|p2a: Flygon|0 fnt\n|faint|p2a: Flygon\n|detailschange|p2: Flygon|Flygon, F|[silent]\n|\n|upkeep\n|\n|t:|1761934541\n|switch|p2a: Gloomhorn|Gloomhorn, F|71/100\n|turn|26\n|\n|t:|1761934550\n|-terastallize|p1a: Ceruledge|Fairy\n|move|p2a: Gloomhorn|Shadow Sneak|p1a: Ceruledge\n|-damage|p1a: Ceruledge|9/100\n|move|p1a: Ceruledge|Bitter Blade|p2a: Gloomhorn\n|-damage|p2a: Gloomhorn|24/100\n|-heal|p1a: Ceruledge|41/100|[from] drain|[of] p2a: Gloomhorn\n|\n|upkeep\n|turn|27\n|\n|t:|1761934558\n|move|p1a: Ceruledge|Shadow Sneak|p2a: Gloomhorn\n|-damage|p2a: Gloomhorn|5/100\n|move|p2a: Gloomhorn|Shadow Sneak|p1a: Ceruledge\n|-damage|p1a: Ceruledge|0 fnt\n|faint|p1a: Ceruledge\n|\n|upkeep\n|l| Arkvis\n|\n|t:|1761934563\n|switch|p1a: Galvantula|Galvantula-Mega, M|61/100\n|-ability|p1a: Galvantula|Beads of Ruin\n|turn|28\n|\n|t:|1761934589\n|move|p2a: Gloomhorn|Shadow Sneak|p1a: Galvantula\n|-damage|p1a: Galvantula|30/100\n|move|p1a: Galvantula|Giga Drain|p2a: Gloomhorn\n|-damage|p2a: Gloomhorn|0 fnt\n|-heal|p1a: Galvantula|32/100|[from] drain|[of] p2a: Gloomhorn\n|faint|p2a: Gloomhorn\n|\n|upkeep\n|\n|t:|1761934593\n|switch|p2a: Gardevoir-Hell|Gardevoir-Hell, F|100/100\n|turn|29\n|\n|t:|1761934598\n|move|p2a: Gardevoir-Hell|Moonblast|p1a: Galvantula\n|-damage|p1a: Galvantula|0 fnt\n|faint|p1a: Galvantula\n|detailschange|p1: Galvantula|Galvantula, M|[silent]\n|\n|win|GooseFragger\n|c|☆GooseFragger|gg\n|c|☆MastersHideout|gg\n","players":["MastersHideout","GooseFragger"],"format":"[Gen 9] NatDex Draft","rating":null,"private":0,"password":null,"inputlog":">version 45155aae5f8061339c74c9c5e644a1ccebb86151\n>start {\"formatid\":\"gen9natdexdraft@@@Tera Type Preview\",\"seed\":\"sodium,4b1f14629484019e7dd43499e9dced6b\"}\n>player p1 {\"name\":\"MastersHideout\",\"avatar\":\"170\",\"team\":\"Kartana||LifeOrb|BeastBoost|SwordsDance,LeafBlade,SacredSword,KnockOff|Timid|252,,4,,,252|N|,19,,,,|||,,,,,Bug]Galvantula||Galvantulite|CompoundEyes|VoltSwitch,Discharge,GigaDrain,BugBuzz|Bold|248,,252,8,,|M|,0,,,,|||,,,,,Bug]Slowbro||AssaultVest|Regenerator|FutureSight,Flamethrower,Scald,PsychicNoise|Calm|252,,,4,252,|M|,0,,,,|||,,,,,Bug]Ceruledge||HeavyDutyBoots|FlashFire|ShadowSneak,Poltergeist,BitterBlade,Taunt|Jolly|,252,,,4,252|M||||,,,,,Fairy]Darkrai||ChoiceBand|BadDreams|KnockOff,SuckerPunch,DrainPunch,Trick|Jolly|,252,,,4,252|N||||,,,,,Bug]Latios||ChoiceSpecs|Levitate|FlipTurn,DracoMeteor,LusterPurge,AuraSphere|Timid|,,,252,4,252|M||||,,,,,Bug\",\"rating\":0}\n>player p2 {\"name\":\"GooseFragger\",\"avatar\":\"1\",\"team\":\"Lugaya||Leftovers|Multiscale|Roost,Defog,Toxic,TeraBlast|Calm|252,,,4,252,|F||||,,,,,Fairy]Kabuyeti-Climb||HeavyDutyBoots|MoldBreaker|IcicleCrash,CloseCombat,Uturn,Substitute|Jolly|,252,,,4,252|F||||,,,,,Ice]Gardevoir-Hell||LifeOrb|MagicGuard|Agility,Moonblast,EarthPower,GrassKnot|Modest|,,,252,4,252|F|,0,,,,|||,,,,,Fairy]Gloomhorn||ChoiceBand|Technician|MachPunch,ShadowSneak,Uturn,SuckerPunch|Adamant|252,252,,,4,|F||||,,,,,Dark]Corviknight||Leftovers|MirrorArmor|Roost,Uturn,DrillPeck,BulkUp|Impish|252,4,252,,,|F||||,,,,,Flying]Flygon||FlygoniteA|Levitate|Uturn,Earthquake,ThunderPunch,PowerUpPunch|Jolly|,252,,,4,252|F||||,,,,,Ground\",\"rating\":0}\n>chat ☆GooseFragger|good luck\n>chat ☆MastersHideout|gl hf\n>p1 team 6, 2, 3, 4, 5, 1\n>p2 team 2, 1, 3, 4, 5, 6\n>p1 move flipturn\n>p2 move iciclecrash\n>chat ☆MastersHideout|crazy turn 1 already\n>p1 switch 3\n>p1 move futuresight\n>p2 switch 2\n>p1 move psychicnoise\n>p2 move toxic terastallize\n>p1 switch 6\n>p2 move terablast\n>p1 move leafblade\n>p2 switch 5\n>p1 switch 6\n>p2 move uturn\n>p2 switch 6\n>p1 move futuresight\n>p2 move uturn mega\n>p2 switch 5\n>p1 switch 5\n>p1 move trick\n>p2 move terablast\n>p1 switch 4\n>p2 move terablast\n>p1 move poltergeist\n>p2 switch 2\n>p2 switch 4\n>p1 switch 4\n>p2 move shadowsneak\n>p1 move suckerpunch\n>p2 move shadowsneak\n>p1 switch 6\n>p1 move knockoff\n>p2 switch 6\n>p1 switch 2\n>p2 move uturn\n>p2 switch 2\n>p1 move voltswitch\n>p2 move toxic\n>p1 switch 2\n>p1 move swordsdance\n>p2 switch 2\n>p1 move sacredsword\n>p2 move uturn\n>p2 switch 5\n>p1 move knockoff\n>p2 move uturn\n>p2 switch 5\n>p1 switch 2\n>p1 move gigadrain mega\n>p2 move drillpeck\n>p1 move discharge\n>p2 move drillpeck\n>p2 switch 2\n>p1 switch 3\n>p2 move toxic\n>p1 move lusterpurge\n>p2 switch 5\n>p1 move lusterpurge\n>p2 move uturn\n>p2 switch 5\n>p1 switch 4\n>p1 move taunt\n>p2 move toxic\n>p1 move poltergeist\n>p2 switch 5\n>p2 switch 6\n>p1 move bitterblade terastallize\n>p2 move shadowsneak\n>p1 move shadowsneak\n>p2 move shadowsneak\n>p1 switch 3\n>p1 move gigadrain\n>p2 move shadowsneak\n>p2 switch 3\n>p1 move gigadrain\n>p2 move moonblast","uploadtime":1761934616}