{"id":"gen9natdexdraft-511","log":"|j|☆menace2sociteh\n|j|☆chub hub\n|t:|1763843753\n|gametype|singles\n|player|p1|menace2sociteh|1|\n|player|p2|chub hub|170|\n|gen|9\n|tier|[Gen 9] NatDex Draft\n|rule|Tera Type Preview: Tera Types are shown at Team Preview\n|rule|Sleep Clause Mod: Limit one foe put to sleep\n|rule|OHKO Clause: OHKO moves are banned\n|rule|Evasion Clause: Evasion abilities, items, and moves are banned\n|rule|Evasion Abilities Clause: Evasion abilities are banned\n|rule|Evasion Items Clause: Evasion items are banned\n|rule|Evasion Moves Clause: Evasion moves are banned\n|rule|Endless Battle Clause: Forcing endless battles is banned\n|rule|HP Percentage Mod: HP is shown in percentages\n|raw|<div class=\"infobox\"><details class=\"readmore\" open><summary><strong>1 custom rule:</strong></summary> Tera Type Preview</details></div>\n|clearpoke\n|poke|p1|Elecprobe|\n|poke|p1|Gloomhorn, M|\n|poke|p1|Corviknight, M|\n|poke|p1|Hippowdon, F|\n|poke|p1|Tyrantrum, F|\n|poke|p1|Tentacruel, F|\n|poke|p2|Drifblim-Hell, M|\n|poke|p2|Iron Saw, M|\n|poke|p2|Iron Boulder|\n|poke|p2|Scream Tail|\n|poke|p2|Spike Claw, M|\n|poke|p2|Urshifu-*, M|\n|raw|menace2sociteh's Tera Types:<br /><psicon pokemon=\"elecprobe\" /><psicon type=\"Fighting\" /> / <psicon pokemon=\"gloomhorn\" /><psicon type=\"Dark\" /> / <psicon pokemon=\"corviknight\" /><psicon type=\"Flying\" /> / <psicon pokemon=\"hippowdon\" /><psicon type=\"Ground\" /> / <psicon pokemon=\"tyrantrum\" /><psicon type=\"Rock\" /> / <psicon pokemon=\"tentacruel\" /><psicon type=\"Water\" />\n|raw|chub hub's Tera Types:<br /><psicon pokemon=\"drifblimhell\" /><psicon type=\"Water\" /> / <psicon pokemon=\"ironsaw\" /><psicon type=\"Electric\" /> / <psicon pokemon=\"ironboulder\" /><psicon type=\"Grass\" /> / <psicon pokemon=\"screamtail\" /><psicon type=\"Fairy\" /> / <psicon pokemon=\"spikeclaw\" /><psicon type=\"Grass\" /> / <psicon pokemon=\"urshifurapidstrike\" /><psicon type=\"Fighting\" />\n|teampreview\n|c|☆chub hub|hf friend\n|c|☆chub hub|be nice to me please lol \n|c|☆menace2sociteh|Have fun broski\n|c|☆menace2sociteh|Dw u will win\n|\n|t:|1763843849\n|teamsize|p1|6\n|teamsize|p2|6\n|start\n|switch|p1a: Tyrantrum|Tyrantrum, F|100/100\n|switch|p2a: Spike Claw|Spike Claw, M, shiny|100/100\n|turn|1\n|\n|t:|1763843924\n|detailschange|p1a: Tyrantrum|Tyrantrum-Mega, F\n|-mega|p1a: Tyrantrum|Tyrantrum|Tyrantrumite\n|move|p2a: Spike Claw|U-turn|p1a: Tyrantrum\n|-supereffective|p1a: Tyrantrum\n|-damage|p1a: Tyrantrum|62/100\n|\n|t:|1763843976\n|-end|p2a: Spike Claw|Protosynthesis|[silent]\n|switch|p2a: Urshifu|Urshifu-Rapid-Strike, M|100/100|[from] U-turn\n|move|p1a: Tyrantrum|Crunch|p2a: Urshifu\n|-resisted|p2a: Urshifu\n|-damage|p2a: Urshifu|67/100\n|\n|upkeep\n|turn|2\n|\n|t:|1763844035\n|switch|p2a: Iron Saw|Iron Saw, M, shiny|100/100\n|switch|p1a: Tentacruel|Tentacruel, F|100/100\n|\n|upkeep\n|turn|3\n|\n|t:|1763844055\n|switch|p1a: Hippowdon|Hippowdon, F|100/100\n|-weather|Sandstorm|[from] ability: Sand Stream|[of] p1a: Hippowdon\n|move|p2a: Iron Saw|U-turn|p1a: Hippowdon\n|-damage|p1a: Hippowdon|89/100\n|\n|t:|1763844066\n|-end|p2a: Iron Saw|Quark Drive|[silent]\n|switch|p2a: Drifblim-Hell|Drifblim-Hell, M|100/100|[from] U-turn\n|\n|-weather|Sandstorm|[upkeep]\n|-damage|p2a: Drifblim-Hell|94/100|[from] Sandstorm\n|-heal|p1a: Hippowdon|95/100|[from] item: Leftovers\n|upkeep\n|turn|4\n|\n|t:|1763844083\n|switch|p1a: Tentacruel|Tentacruel, F|100/100\n|detailschange|p2a: Drifblim-Hell|Drifblim-Hell-Mega, M\n|-mega|p2a: Drifblim-Hell|Drifblim-Hell|Drifblimite Hell\n|move|p2a: Drifblim-Hell|Scald|p1a: Tentacruel\n|-resisted|p1a: Tentacruel\n|-damage|p1a: Tentacruel|88/100\n|\n|-weather|Sandstorm|[upkeep]\n|-damage|p1a: Tentacruel|82/100|[from] Sandstorm\n|-damage|p2a: Drifblim-Hell|88/100|[from] Sandstorm\n|upkeep\n|turn|5\n|\n|t:|1763844100\n|switch|p2a: Scream Tail|Scream Tail, shiny|100/100\n|move|p1a: Tentacruel|Toxic Spikes|p2a: Scream Tail\n|-sidestart|p2: chub hub|move: Toxic Spikes\n|\n|-weather|Sandstorm|[upkeep]\n|-damage|p2a: Scream Tail|94/100|[from] Sandstorm\n|-damage|p1a: Tentacruel|76/100|[from] Sandstorm\n|upkeep\n|turn|6\n|\n|t:|1763844107\n|switch|p1a: Tyrantrum|Tyrantrum-Mega, F|62/100\n|move|p2a: Scream Tail|Stealth Rock|p1a: Tyrantrum\n|-sidestart|p1: menace2sociteh|move: Stealth Rock\n|\n|-weather|Sandstorm|[upkeep]\n|-damage|p2a: Scream Tail|88/100|[from] Sandstorm\n|upkeep\n|turn|7\n|\n|t:|1763844164\n|-end|p2a: Scream Tail|Protosynthesis|[silent]\n|switch|p2a: Urshifu|Urshifu-Rapid-Strike, M|67/100\n|-status|p2a: Urshifu|psn\n|move|p1a: Tyrantrum|Crunch|p2a: Urshifu\n|-resisted|p2a: Urshifu\n|-damage|p2a: Urshifu|35/100 psn\n|\n|-weather|none\n|-damage|p2a: Urshifu|22/100 psn|[from] psn\n|upkeep\n|turn|8\n|\n|t:|1763844214\n|switch|p1a: Hippowdon|Hippowdon, F|95/100\n|-damage|p1a: Hippowdon|89/100|[from] Stealth Rock\n|-weather|Sandstorm|[from] ability: Sand Stream|[of] p1a: Hippowdon\n|move|p2a: Urshifu|U-turn|p1a: Hippowdon\n|-damage|p1a: Hippowdon|75/100\n|\n|t:|1763844242\n|switch|p2a: Spike Claw|Spike Claw, M, shiny|100/100|[from] U-turn\n|-status|p2a: Spike Claw|psn\n|\n|-weather|Sandstorm|[upkeep]\n|-damage|p2a: Spike Claw|94/100 psn|[from] Sandstorm\n|-heal|p1a: Hippowdon|81/100|[from] item: Leftovers\n|-damage|p2a: Spike Claw|82/100 psn|[from] psn\n|upkeep\n|turn|9\n|\n|t:|1763844256\n|-end|p2a: Spike Claw|Protosynthesis|[silent]\n|switch|p2a: Iron Saw|Iron Saw, M, shiny|100/100\n|move|p1a: Hippowdon|Stealth Rock|p2a: Iron Saw\n|-sidestart|p2: chub hub|move: Stealth Rock\n|\n|-weather|Sandstorm|[upkeep]\n|-heal|p1a: Hippowdon|87/100|[from] item: Leftovers\n|upkeep\n|turn|10\n|\n|t:|1763844260\n|move|p2a: Iron Saw|Leaf Blade|p1a: Hippowdon\n|-supereffective|p1a: Hippowdon\n|-damage|p1a: Hippowdon|52/100\n|move|p1a: Hippowdon|Earthquake|p2a: Iron Saw\n|-supereffective|p2a: Iron Saw\n|-enditem|p2a: Iron Saw|Shuca Berry|[eat]\n|-enditem|p2a: Iron Saw|Shuca Berry|[weaken]\n|-damage|p2a: Iron Saw|0 fnt\n|faint|p2a: Iron Saw\n|-end|p2a: Iron Saw|Quark Drive|[silent]\n|\n|-weather|Sandstorm|[upkeep]\n|-heal|p1a: Hippowdon|58/100|[from] item: Leftovers\n|upkeep\n|\n|t:|1763844276\n|switch|p2a: Urshifu|Urshifu-Rapid-Strike, M|22/100 psn\n|-damage|p2a: Urshifu|16/100 psn|[from] Stealth Rock\n|turn|11\n|\n|t:|1763844294\n|move|p2a: Urshifu|Surging Strikes|p1a: Hippowdon\n|-supereffective|p1a: Hippowdon\n|-crit|p1a: Hippowdon\n|-damage|p1a: Hippowdon|35/100\n|-supereffective|p1a: Hippowdon\n|-crit|p1a: Hippowdon\n|-damage|p1a: Hippowdon|11/100\n|-supereffective|p1a: Hippowdon\n|-crit|p1a: Hippowdon\n|-damage|p1a: Hippowdon|0 fnt\n|faint|p1a: Hippowdon\n|-hitcount|p1: Hippowdon|3\n|\n|-weather|Sandstorm|[upkeep]\n|-damage|p2a: Urshifu|10/100 psn|[from] Sandstorm\n|-damage|p2a: Urshifu|0 fnt|[from] psn\n|faint|p2a: Urshifu\n|upkeep\n|\n|t:|1763844341\n|switch|p2a: Drifblim-Hell|Drifblim-Hell-Mega, M|88/100\n|switch|p1a: Gloomhorn|Gloomhorn, M|100/100\n|-damage|p1a: Gloomhorn|88/100|[from] Stealth Rock\n|-damage|p2a: Drifblim-Hell|76/100|[from] Stealth Rock\n|turn|12\n|\n|t:|1763844352\n|switch|p1a: Tentacruel|Tentacruel, F|76/100\n|-damage|p1a: Tentacruel|63/100|[from] Stealth Rock\n|move|p2a: Drifblim-Hell|Strength Sap|p1a: Tentacruel\n|-unboost|p1a: Tentacruel|atk|1\n|-damage|p2a: Drifblim-Hell|46/100|[from] ability: Liquid Ooze|[of] p1a: Tentacruel\n|\n|-weather|none\n|upkeep\n|turn|13\n|c|☆menace2sociteh|Ayyy\n|c|☆menace2sociteh|Look at that\n|c|☆chub hub|thats pretty cool ngl\n|\n|t:|1763844374\n|switch|p2a: Iron Boulder|Iron Boulder|100/100\n|-status|p2a: Iron Boulder|psn\n|-damage|p2a: Iron Boulder|88/100 psn|[from] Stealth Rock\n|-enditem|p2a: Iron Boulder|Booster Energy\n|-activate|p2a: Iron Boulder|ability: Quark Drive|[fromitem]\n|-start|p2a: Iron Boulder|quarkdrivespe\n|move|p1a: Tentacruel|Infestation|p2a: Iron Boulder\n|-supereffective|p2a: Iron Boulder\n|-damage|p2a: Iron Boulder|81/100 psn\n|-activate|p2a: Iron Boulder|move: Infestation|[of] p1a: Tentacruel\n|\n|-damage|p2a: Iron Boulder|68/100 psn|[from] psn\n|-damage|p2a: Iron Boulder|56/100 psn|[from] move: Infestation|[partiallytrapped]\n|upkeep\n|turn|14\n|\n|t:|1763844397\n|-terastallize|p2a: Iron Boulder|Grass\n|move|p2a: Iron Boulder|Swords Dance|p2a: Iron Boulder\n|-boost|p2a: Iron Boulder|atk|2\n|move|p1a: Tentacruel|Haze|p1a: Tentacruel\n|-clearallboost\n|\n|-damage|p2a: Iron Boulder|44/100 psn|[from] psn\n|-damage|p2a: Iron Boulder|31/100 psn|[from] move: Infestation|[partiallytrapped]\n|upkeep\n|turn|15\n|\n|t:|1763844410\n|move|p2a: Iron Boulder|Mighty Cleave|p1a: Tentacruel\n|-damage|p1a: Tentacruel|10/100\n|-damage|p2a: Iron Boulder|15/100 psn|[from] item: Rocky Helmet|[of] p1a: Tentacruel\n|move|p1a: Tentacruel|Haze|p1a: Tentacruel\n|-clearallboost\n|\n|-damage|p2a: Iron Boulder|2/100 psn|[from] psn\n|-damage|p2a: Iron Boulder|0 fnt|[from] move: Infestation|[partiallytrapped]\n|faint|p2a: Iron Boulder\n|-end|p2a: Iron Boulder|Quark Drive|[silent]\n|upkeep\n|\n|t:|1763844416\n|switch|p2a: Spike Claw|Spike Claw, M, shiny|82/100 psn\n|-damage|p2a: Spike Claw|70/100 psn|[from] Stealth Rock\n|turn|16\n|\n|t:|1763844427\n|move|p2a: Spike Claw|Seed Bomb|p1a: Tentacruel\n|-damage|p1a: Tentacruel|0 fnt\n|faint|p1a: Tentacruel\n|\n|-damage|p2a: Spike Claw|57/100 psn|[from] psn\n|upkeep\n|\n|t:|1763844441\n|switch|p1a: Corviknight|Corviknight, M|100/100\n|-damage|p1a: Corviknight|88/100|[from] Stealth Rock\n|-ability|p1a: Corviknight|Pressure\n|turn|17\n|\n|t:|1763844451\n|-end|p2a: Spike Claw|Protosynthesis|[silent]\n|switch|p2a: Drifblim-Hell|Drifblim-Hell-Mega, M|46/100\n|-damage|p2a: Drifblim-Hell|34/100|[from] Stealth Rock\n|move|p1a: Corviknight|U-turn|p2a: Drifblim-Hell\n|-resisted|p2a: Drifblim-Hell\n|-damage|p2a: Drifblim-Hell|30/100\n|\n|t:|1763844490\n|switch|p1a: Elecprobe|Elecprobe|100/100|[from] U-turn\n|-damage|p1a: Elecprobe|88/100|[from] Stealth Rock\n|\n|upkeep\n|turn|18\n|\n|t:|1763844500\n|switch|p2a: Scream Tail|Scream Tail, shiny|88/100\n|move|p1a: Elecprobe|Volt Switch|p2a: Scream Tail\n|-damage|p2a: Scream Tail|68/100\n|\n|t:|1763844503\n|switch|p1a: Tyrantrum|Tyrantrum-Mega, F|62/100|[from] Volt Switch\n|-damage|p1a: Tyrantrum|49/100|[from] Stealth Rock\n|\n|upkeep\n|turn|19\n|\n|t:|1763844511\n|move|p1a: Tyrantrum|Crunch|p2a: Scream Tail\n|-damage|p2a: Scream Tail|13/100\n|move|p2a: Scream Tail|Dazzling Gleam|p1a: Tyrantrum\n|-supereffective|p1a: Tyrantrum\n|-damage|p1a: Tyrantrum|0 fnt\n|faint|p1a: Tyrantrum\n|detailschange|p1: Tyrantrum|Tyrantrum, F|[silent]\n|\n|upkeep\n|\n|t:|1763844524\n|switch|p1a: Elecprobe|Elecprobe|88/100\n|-damage|p1a: Elecprobe|76/100|[from] Stealth Rock\n|turn|20\n|\n|t:|1763844531\n|move|p1a: Elecprobe|Electro Drift|p2a: Scream Tail\n|-crit|p2a: Scream Tail\n|-damage|p2a: Scream Tail|0 fnt\n|faint|p2a: Scream Tail\n|-end|p2a: Scream Tail|Protosynthesis|[silent]\n|\n|upkeep\n|\n|t:|1763844535\n|switch|p2a: Spike Claw|Spike Claw, M, shiny|57/100 psn\n|-damage|p2a: Spike Claw|45/100 psn|[from] Stealth Rock\n|turn|21\n|\n|t:|1763844542\n|switch|p1a: Corviknight|Corviknight, M|88/100\n|-damage|p1a: Corviknight|76/100|[from] Stealth Rock\n|-ability|p1a: Corviknight|Pressure\n|move|p2a: Spike Claw|Dire Claw|p1a: Corviknight\n|-immune|p1a: Corviknight\n|\n|-damage|p2a: Spike Claw|32/100 psn|[from] psn\n|upkeep\n|turn|22\n|\n|t:|1763844548\n|move|p2a: Spike Claw|Dire Claw|p1a: Corviknight\n|-immune|p1a: Corviknight\n|move|p1a: Corviknight|U-turn|p2a: Spike Claw\n|-supereffective|p2a: Spike Claw\n|-damage|p2a: Spike Claw|0 fnt\n|faint|p2a: Spike Claw\n|-end|p2a: Spike Claw|Protosynthesis|[silent]\n|\n|t:|1763844551\n|switch|p1a: Elecprobe|Elecprobe|76/100|[from] U-turn\n|-damage|p1a: Elecprobe|64/100|[from] Stealth Rock\n|\n|upkeep\n|c|☆chub hub|gg fam\n|c|☆menace2sociteh|Gg bro\n|c|☆chub hub|3-0 i aint too upset with\n|c|☆chub hub|your team is nasty fr\n|\n|t:|1763844566\n|switch|p2a: Drifblim-Hell|Drifblim-Hell-Mega, M|30/100\n|-damage|p2a: Drifblim-Hell|17/100|[from] Stealth Rock\n|turn|23\n|\n|t:|1763844573\n|move|p1a: Elecprobe|Electro Drift|p2a: Drifblim-Hell\n|-supereffective|p2a: Drifblim-Hell\n|-crit|p2a: Drifblim-Hell\n|-damage|p2a: Drifblim-Hell|0 fnt\n|faint|p2a: Drifblim-Hell\n|detailschange|p2: Drifblim-Hell|Drifblim-Hell, M|[silent]\n|\n|win|menace2sociteh\n|c|☆menace2sociteh|Your team extremely menacing too haga\n|c|☆chub hub|<3\n|c|☆menace2sociteh|Couldnt beat it with speed for shit so went bulk\n","players":["menace2sociteh","chub hub"],"format":"[Gen 9] NatDex Draft","rating":null,"private":0,"password":null,"inputlog":">version fcbd19b897670a6ca2d6afcd55efaaf2b6c6cc9b\n>start {\"formatid\":\"gen9natdexdraft@@@Tera Type Preview\",\"seed\":\"sodium,c55b222292612d609eee8f26e6bbe401\"}\n>player p1 {\"name\":\"menace2sociteh\",\"avatar\":\"1\",\"team\":\"Elecprobe||ExpertBelt|Aftermath|VoltSwitch,ElectroDrift,TeraBlast,NastyPlot|Modest|68,,,252,,188|N||||,,,,,Fighting]Gloomhorn||ToxicOrb|PoisonHeal|SwordsDance,Poltergeist,Protect,DrainPunch|Adamant|252,244,,,,12|M||||,,,,,Dark]Corviknight||RockyHelmet|Pressure|Roost,BraveBird,Uturn,BodyPress|Impish|248,8,252,,,|M||||,,,,,Flying]Hippowdon||Leftovers|SandStream|Earthquake,StealthRock,SlackOff,Yawn|Impish|252,20,236,,,|F||||,,,,,Ground]Tyrantrum||Tyrantrumite|StrongJaw|Crunch,ZenHeadbutt,Earthquake,RockPolish|Adamant|,252,,,4,252|F||||,,,,,Rock]Tentacruel||RockyHelmet|LiquidOoze|Infestation,ToxicSpikes,Haze,SludgeBomb|Calm|252,,128,,128,|F|,0,,,,|||,,,,,Water\",\"rating\":0}\n>player p2 {\"name\":\"chub hub\",\"avatar\":\"170\",\"team\":\"Drifblim-Hell||DrifblimiteHell|PoisonPoint|SludgeBomb,Scald,StrengthSap,DazzlingGleam|Bold|,,252,252,4,|M|,0,,,,|||,,,,,Water]Iron Saw||ShucaBerry|QuarkDrive|LeafBlade,WildCharge,Uturn,IronHead|Adamant|16,252,24,,32,184|M||S||,,,,,Electric]Iron Boulder||BoosterEnergy|QuarkDrive|MightyCleave,SwordsDance,TeraBlast,SacredSword|Jolly|40,252,16,,32,168|N||||,Fighting,,,,Grass]Scream Tail||HeavyDutyBoots|Protosynthesis|DazzlingGleam,StealthRock,Flamethrower,Wish|Calm|248,,8,,252,|N|,0,,,,|S||,,,,,Fairy]Spike Claw||ChoiceScarf|Protosynthesis|DireClaw,Uturn,SeedBomb,PlayRough|Jolly|,252,4,,,252|M||S||,,,,,Grass]Urshifu|UrshifuRapidStrike|ChoiceScarf|UnseenFist|Uturn,SurgingStrikes,AquaJet,PoisonJab|Adamant|,252,,,4,252|M||||,,,,,Fighting\",\"rating\":0}\n>chat ☆chub hub|hf friend\n>chat ☆chub hub|be nice to me please lol \n>chat ☆menace2sociteh|Have fun broski\n>chat ☆menace2sociteh|Dw u will win\n>p1 team 5, 2, 3, 4, 1, 6\n>p2 team 5, 2, 3, 4, 1, 6\n>p1 move crunch mega\n>p2 move uturn\n>p2 switch 6\n>p1 switch 6\n>p2 switch 2\n>p1 switch 4\n>p2 move uturn\n>p2 switch 5\n>p1 switch 4\n>p2 move scald mega\n>p1 move toxicspikes\n>p2 switch 4\n>p1 switch 6\n>p2 move stealthrock\n>p1 move crunch\n>p2 switch 2\n>p1 switch 4\n>p2 move uturn\n>p2 switch 6\n>p1 move stealthrock\n>p2 switch 5\n>p1 move earthquake\n>p2 move leafblade\n>p2 switch 6\n>p1 move earthquake\n>p2 move surgingstrikes\n>p1 switch 2\n>p2 switch 4\n>p1 switch 6\n>p2 move strengthsap\n>chat ☆menace2sociteh|Ayyy\n>chat ☆menace2sociteh|Look at that\n>chat ☆chub hub|thats pretty cool ngl\n>p1 move infestation\n>p2 switch 3\n>p1 move haze\n>p2 move swordsdance terastallize\n>p1 move haze\n>p2 move mightycleave\n>p2 switch 5\n>p1 move sludgebomb\n>p2 move seedbomb\n>p1 switch 3\n>p1 move uturn\n>p2 switch 3\n>p1 switch 5\n>p1 move voltswitch\n>p2 switch 2\n>p1 switch 4\n>p1 move crunch\n>p2 move dazzlinggleam\n>p1 switch 4\n>p1 move electrodrift\n>p2 move flamethrower\n>p2 switch 3\n>p1 switch 5\n>p2 move direclaw\n>p1 move uturn\n>p2 move direclaw\n>p1 switch 5\n>chat ☆chub hub|gg fam\n>chat ☆menace2sociteh|Gg bro\n>chat ☆chub hub|3-0 i aint too upset with\n>chat ☆chub hub|your team is nasty fr\n>p2 switch 2\n>p1 move electrodrift\n>p2 move sludgebomb","uploadtime":1763844616}