{"id":"gen9natdexdraft-223","log":"|j|☆GamerNotFound2025\n|j|☆MegaIdot\n|t:|1762342434\n|gametype|singles\n|player|p1|GamerNotFound2025|169|\n|player|p2|MegaIdot|102|\n|gen|9\n|tier|[Gen 9] NatDex Draft\n|rule|Tera Type Preview: Tera Types are shown at Team Preview\n|rule|Sleep Clause Mod: Limit one foe put to sleep\n|rule|OHKO Clause: OHKO moves are banned\n|rule|Evasion Clause: Evasion abilities, items, and moves are banned\n|rule|Evasion Abilities Clause: Evasion abilities are banned\n|rule|Evasion Items Clause: Evasion items are banned\n|rule|Evasion Moves Clause: Evasion moves are banned\n|rule|Endless Battle Clause: Forcing endless battles is banned\n|rule|HP Percentage Mod: HP is shown in percentages\n|raw|<div class=\"infobox\"><details class=\"readmore\" open><summary><strong>1 custom rule:</strong></summary> Tera Type Preview</details></div>\n|clearpoke\n|poke|p1|Regifly, M|\n|poke|p1|Galvantula, M|\n|poke|p1|Toedscruel, M|\n|poke|p1|Reuniclus-Hell, F|\n|poke|p1|Irony Friends, M|\n|poke|p1|Iron Bundle|\n|poke|p2|Ceruledge, F|\n|poke|p2|Porygon2|\n|poke|p2|Hydrapple, F|\n|poke|p2|Palafin, F|\n|poke|p2|Gliscor, F|\n|poke|p2|Darkrai|\n|raw|GamerNotFound2025's Tera Types:<br /><psicon pokemon=\"regifly\" /><psicon type=\"Flying\" /> / <psicon pokemon=\"galvantula\" /><psicon type=\"Bug\" /> / <psicon pokemon=\"toedscruel\" /><psicon type=\"Ground\" /> / <psicon pokemon=\"reuniclushell\" /><psicon type=\"Normal\" /> / <psicon pokemon=\"ironyfriends\" /><psicon type=\"Psychic\" /> / <psicon pokemon=\"ironbundle\" /><psicon type=\"Ice\" />\n|raw|MegaIdot's Tera Types:<br /><psicon pokemon=\"ceruledge\" /><psicon type=\"Fire\" /> / <psicon pokemon=\"porygon2\" /><psicon type=\"Normal\" /> / <psicon pokemon=\"hydrapple\" /><psicon type=\"Ground\" /> / <psicon pokemon=\"palafin\" /><psicon type=\"Water\" /> / <psicon pokemon=\"gliscor\" /><psicon type=\"Steel\" /> / <psicon pokemon=\"darkrai\" /><psicon type=\"Dark\" />\n|teampreview\n|c|☆GamerNotFound2025|Hf\n|c|☆MegaIdot|hfhf\n|l|☆GamerNotFound2025\n|player|p1|\n|j|☆GamerNotFound2025\n|player|p1|GamerNotFound2025|169|\n|\n|t:|1762342593\n|teamsize|p1|6\n|teamsize|p2|6\n|start\n|switch|p1a: Iron Bundle|Iron Bundle|100/100\n|switch|p2a: Porygon2|Porygon2|100/100\n|turn|1\n|\n|t:|1762342603\n|move|p1a: Iron Bundle|Flip Turn|p2a: Porygon2\n|-damage|p2a: Porygon2|93/100\n|\n|t:|1762342610\n|-end|p1a: Iron Bundle|Quark Drive|[silent]\n|switch|p1a: Toedscruel|Toedscruel, M|100/100|[from] Flip Turn\n|-ability|p2a: Porygon2|Mycelium Might|Trace|[from] ability: Trace|[of] p1a: Toedscruel\n|move|p2a: Porygon2|Thunder Wave|p1a: Toedscruel\n|-immune|p1a: Toedscruel\n|\n|upkeep\n|turn|2\n|\n|t:|1762342614\n|move|p1a: Toedscruel|Knock Off|p2a: Porygon2\n|-damage|p2a: Porygon2|85/100\n|-enditem|p2a: Porygon2|Eviolite|[from] move: Knock Off|[of] p1a: Toedscruel\n|move|p2a: Porygon2|Ice Beam|p1a: Toedscruel\n|-supereffective|p1a: Toedscruel\n|-damage|p1a: Toedscruel|35/100\n|\n|-heal|p1a: Toedscruel|41/100|[from] item: Leftovers\n|upkeep\n|turn|3\n|\n|t:|1762342621\n|move|p1a: Toedscruel|Earth Power|p2a: Porygon2\n|-damage|p2a: Porygon2|60/100\n|move|p2a: Porygon2|Thunder Wave|p1a: Toedscruel\n|-immune|p1a: Toedscruel\n|\n|-heal|p1a: Toedscruel|47/100|[from] item: Leftovers\n|upkeep\n|turn|4\n|\n|t:|1762342626\n|switch|p1a: Iron Bundle|Iron Bundle|100/100\n|move|p2a: Porygon2|Recover|p2a: Porygon2\n|-heal|p2a: Porygon2|100/100\n|\n|upkeep\n|turn|5\n|\n|t:|1762342629\n|move|p1a: Iron Bundle|Flip Turn|p2a: Porygon2\n|-damage|p2a: Porygon2|91/100\n|\n|t:|1762342632\n|-end|p1a: Iron Bundle|Quark Drive|[silent]\n|switch|p1a: Galvantula|Galvantula, M|100/100|[from] Flip Turn\n|move|p2a: Porygon2|Ice Beam|p1a: Galvantula\n|-damage|p1a: Galvantula|66/100\n|\n|upkeep\n|turn|6\n|\n|t:|1762342639\n|switch|p1a: Iron Bundle|Iron Bundle|100/100\n|move|p2a: Porygon2|Recover|p2a: Porygon2\n|-heal|p2a: Porygon2|100/100\n|\n|upkeep\n|turn|7\n|\n|t:|1762342647\n|move|p1a: Iron Bundle|Flip Turn|p2a: Porygon2\n|-damage|p2a: Porygon2|90/100\n|\n|t:|1762342654\n|-end|p1a: Iron Bundle|Quark Drive|[silent]\n|switch|p1a: Galvantula|Galvantula, M|66/100|[from] Flip Turn\n|move|p2a: Porygon2|Ice Beam|p1a: Galvantula\n|-damage|p1a: Galvantula|32/100\n|\n|upkeep\n|turn|8\n|\n|t:|1762342659\n|detailschange|p1a: Galvantula|Galvantula-Mega, M\n|-mega|p1a: Galvantula|Galvantula|Galvantulite\n|-ability|p1a: Galvantula|Beads of Ruin\n|move|p2a: Porygon2|Ice Beam|p1a: Galvantula\n|-damage|p1a: Galvantula|16/100\n|move|p1a: Galvantula|Thunderbolt|p2a: Porygon2\n|-damage|p2a: Porygon2|20/100\n|\n|upkeep\n|turn|9\n|\n|t:|1762342665\n|switch|p2a: Gliscor|Gliscor, F|100/100\n|move|p1a: Galvantula|Energy Ball|p2a: Gliscor\n|-damage|p2a: Gliscor|44/100\n|\n|-status|p2a: Gliscor|tox|[from] item: Toxic Orb\n|upkeep\n|turn|10\n|\n|t:|1762342673\n|move|p2a: Gliscor|Toxic|p1a: Galvantula|[miss]\n|-miss|p2a: Gliscor|p1a: Galvantula\n|move|p1a: Galvantula|Energy Ball|p2a: Gliscor\n|-damage|p2a: Gliscor|0 fnt\n|faint|p2a: Gliscor\n|\n|upkeep\n|\n|t:|1762342681\n|switch|p2a: Palafin|Palafin, F|100/100\n|turn|11\n|\n|t:|1762342685\n|move|p2a: Palafin|Flip Turn|p1a: Galvantula\n|-damage|p1a: Galvantula|0 fnt\n|faint|p1a: Galvantula\n|detailschange|p1: Galvantula|Galvantula, M|[silent]\n|\n|t:|1762342696\n|detailschange|p2a: Palafin|Palafin-Hero, F\n|switch|p2a: Darkrai|Darkrai|100/100|[from] Flip Turn\n|\n|upkeep\n|\n|t:|1762342703\n|switch|p1a: Reuniclus-Hell|Reuniclus-Hell, F|100/100\n|turn|12\n|\n|t:|1762342710\n|switch|p2a: Porygon2|Porygon2|20/100\n|-ability|p2a: Porygon2|Magic Guard|Trace|[from] ability: Trace|[of] p1a: Reuniclus-Hell\n|move|p1a: Reuniclus-Hell|Moonblast|p2a: Porygon2\n|-damage|p2a: Porygon2|0 fnt\n|faint|p2a: Porygon2\n|\n|upkeep\n|\n|t:|1762342726\n|switch|p2a: Palafin|Palafin-Hero, F|100/100\n|-activate|p2a: Palafin|ability: Zero to Hero\n|turn|13\n|\n|t:|1762342737\n|move|p2a: Palafin|Flip Turn|p1a: Reuniclus-Hell\n|-damage|p1a: Reuniclus-Hell|74/100\n|\n|t:|1762342740\n|switch|p2a: Ceruledge|Ceruledge, F, shiny|100/100|[from] Flip Turn\n|move|p1a: Reuniclus-Hell|Moonblast|p2a: Ceruledge\n|-resisted|p2a: Ceruledge\n|-damage|p2a: Ceruledge|72/100\n|-unboost|p2a: Ceruledge|spa|1\n|\n|upkeep\n|turn|14\n|\n|t:|1762342752\n|switch|p1a: Toedscruel|Toedscruel, M|47/100\n|detailschange|p2a: Ceruledge|Ceruledge-Mega, F, shiny\n|-mega|p2a: Ceruledge|Ceruledge|Ceruledgite\n|move|p2a: Ceruledge|Swords Dance|p2a: Ceruledge\n|-boost|p2a: Ceruledge|atk|2\n|\n|-heal|p1a: Toedscruel|53/100|[from] item: Leftovers\n|upkeep\n|turn|15\n|\n|t:|1762342758\n|move|p2a: Ceruledge|Bitter Blade|p1a: Toedscruel\n|-supereffective|p1a: Toedscruel\n|-damage|p1a: Toedscruel|0 fnt\n|-heal|p2a: Ceruledge|100/100|[from] drain|[of] p1a: Toedscruel\n|faint|p1a: Toedscruel\n|\n|upkeep\n|\n|t:|1762342760\n|switch|p1a: Regifly|Regifly, M|100/100\n|turn|16\n|\n|t:|1762342768\n|switch|p2a: Darkrai|Darkrai|100/100\n|-terastallize|p1a: Regifly|Flying\n|move|p1a: Regifly|Tera Blast|p2a: Darkrai|[anim] Tera Blast Flying\n|-damage|p2a: Darkrai|0 fnt\n|faint|p2a: Darkrai\n|\n|upkeep\n|\n|t:|1762342772\n|switch|p2a: Palafin|Palafin-Hero, F|100/100\n|turn|17\n|\n|t:|1762342776\n|switch|p1a: Iron Bundle|Iron Bundle|100/100\n|move|p2a: Palafin|Jet Punch|p1a: Iron Bundle\n|-resisted|p1a: Iron Bundle\n|-damage|p1a: Iron Bundle|77/100\n|\n|upkeep\n|turn|18\n|\n|t:|1762342782\n|move|p1a: Iron Bundle|Freeze-Dry|p2a: Palafin\n|-supereffective|p2a: Palafin\n|-damage|p2a: Palafin|0 fnt\n|faint|p2a: Palafin\n|\n|upkeep\n|\n|t:|1762342785\n|switch|p2a: Ceruledge|Ceruledge-Mega, F, shiny|100/100\n|turn|19\n|\n|t:|1762342795\n|-end|p1a: Iron Bundle|Quark Drive|[silent]\n|switch|p1a: Irony Friends|Irony Friends, M|100/100\n|-enditem|p1a: Irony Friends|Booster Energy\n|-activate|p1a: Irony Friends|ability: Quark Drive|[fromitem]\n|-start|p1a: Irony Friends|quarkdrivedef\n|move|p2a: Ceruledge|Bitter Blade|p1a: Irony Friends\n|-supereffective|p1a: Irony Friends\n|-damage|p1a: Irony Friends|60/100\n|\n|upkeep\n|turn|20\n|\n|t:|1762342799\n|move|p2a: Ceruledge|Swords Dance|p2a: Ceruledge\n|-boost|p2a: Ceruledge|atk|2\n|move|p1a: Irony Friends|Psychic Noise|p2a: Ceruledge\n|-supereffective|p2a: Ceruledge\n|-damage|p2a: Ceruledge|46/100\n|-start|p2a: Ceruledge|move: Heal Block\n|\n|upkeep\n|turn|21\n|\n|t:|1762342804\n|move|p2a: Ceruledge|Shadow Sneak|p1a: Irony Friends\n|-supereffective|p1a: Irony Friends\n|-damage|p1a: Irony Friends|35/100\n|move|p1a: Irony Friends|Psychic Noise|p2a: Ceruledge\n|-supereffective|p2a: Ceruledge\n|-damage|p2a: Ceruledge|0 fnt\n|faint|p2a: Ceruledge\n|detailschange|p2: Ceruledge|Ceruledge, F, shiny|[silent]\n|\n|upkeep\n|\n|t:|1762342807\n|switch|p2a: Hydrapple|Hydrapple, F|100/100\n|turn|22\n|\n|t:|1762342822\n|move|p2a: Hydrapple|Fickle Beam|p1a: Irony Friends\n|-resisted|p1a: Irony Friends\n|-damage|p1a: Irony Friends|21/100\n|move|p1a: Irony Friends|Psychic Noise|p2a: Hydrapple\n|-damage|p2a: Hydrapple|71/100\n|-start|p2a: Hydrapple|move: Heal Block\n|\n|upkeep\n|turn|23\n|\n|t:|1762342825\n|move|p1a: Irony Friends|Slack Off|p1a: Irony Friends\n|-heal|p1a: Irony Friends|71/100\n|move|p2a: Hydrapple|Nasty Plot|p2a: Hydrapple\n|-boost|p2a: Hydrapple|spa|2\n|\n|-end|p2a: Hydrapple|move: Heal Block\n|upkeep\n|turn|24\n|\n|t:|1762342829\n|-terastallize|p2a: Hydrapple|Ground\n|move|p1a: Irony Friends|Psychic Noise|p2a: Hydrapple\n|-damage|p2a: Hydrapple|44/100\n|-start|p2a: Hydrapple|move: Heal Block\n|move|p2a: Hydrapple|Tera Blast|p1a: Irony Friends|[anim] Tera Blast Ground\n|-supereffective|p1a: Irony Friends\n|-damage|p1a: Irony Friends|0 fnt\n|faint|p1a: Irony Friends\n|-end|p1a: Irony Friends|Quark Drive|[silent]\n|\n|upkeep\n|\n|t:|1762342832\n|switch|p1a: Iron Bundle|Iron Bundle|77/100\n|turn|25\n|\n|t:|1762342836\n|move|p1a: Iron Bundle|Ice Beam|p2a: Hydrapple\n|-supereffective|p2a: Hydrapple\n|-damage|p2a: Hydrapple|0 fnt\n|faint|p2a: Hydrapple\n|\n|win|GamerNotFound2025\n|c|☆MegaIdot|gg\n|l|☆MegaIdot\n|player|p2|\n|c|☆GamerNotFound2025|Gg\n","players":["GamerNotFound2025","MegaIdot"],"format":"[Gen 9] NatDex Draft","rating":null,"private":1,"password":"fts9jhbbis09bk8pgef90sm3tqffsym","inputlog":">version 1f1988460a13998c27789cfd1e133c4b947b2f4e\n>start {\"formatid\":\"gen9natdexdraft@@@Tera Type Preview\",\"seed\":\"sodium,e00633997e1112c2ce83cc5c3ec8dd8f\"}\n>player p1 {\"name\":\"GamerNotFound2025\",\"avatar\":\"169\",\"team\":\"Regifly||ChoiceSpecs|GaleWings|Hurricane,TeraBlast,FireBlast,Uturn|Modest|,,,252,4,252|M||||,,,,,Flying]Galvantula||Galvantulite|CompoundEyes|Thunderbolt,EnergyBall,BugBuzz,VoltSwitch|Modest|252,,4,252,,|M|,0,,,,|||,,,,,Bug]Toedscruel||Leftovers|MyceliumMight|EarthPower,RapidSpin,Protect,KnockOff|Relaxed|252,,252,4,,|M||||,,,,,Ground]Reuniclus-Hell||LifeOrb|MagicGuard|Moonblast,ShadowBall,CalmMind,Recover|Bold|252,,252,,4,|F|,0,,,,|||,,,,,Normal]Irony Friends||BoosterEnergy|QuarkDrive|PsychicNoise,Flamethrower,SlackOff,CalmMind|Bold|252,,252,4,,|M|,0,,,,|||,,,,,Psychic]Iron Bundle||ChoiceSpecs|QuarkDrive|HydroPump,IceBeam,FreezeDry,FlipTurn|Timid|,,,252,4,252|N||||,,,,,Ice\",\"rating\":0}\n>player p2 {\"name\":\"MegaIdot\",\"avatar\":\"102\",\"team\":\"Ceruledge||Ceruledgite|WeakArmor|SwordsDance,BitterBlade,CloseCombat,ShadowSneak|Jolly|,252,,,4,252|F||S||,,,,,Fire]Porygon2||Eviolite|Trace|Recover,ThunderWave,IceBeam,FoulPlay|Bold|252,,252,,,|N|,0,,,,|||,,,,,Normal]Hydrapple||Leftovers|Regenerator|NastyPlot,FickleBeam,TeraBlast,GigaDrain|Modest|252,,,252,4,|F||||,,,,,Ground]Palafin||Leftovers|ZerotoHero|CloseCombat,FlipTurn,JetPunch,BulkUp|Adamant|,252,,,4,252|F||||,,,,,Water]Gliscor||ToxicOrb|PoisonHeal|Earthquake,Toxic,KnockOff,Defog|Impish|252,,184,,,72|F||||,,,,,Steel]Darkrai||LifeOrb|BadDreams|NastyPlot,DarkPulse,Thunderbolt,IceBeam|Timid|,,,252,4,252|N|,0,,,,|||,,,,,Dark\",\"rating\":0}\n>chat ☆GamerNotFound2025|Hf\n>chat ☆MegaIdot|hfhf\n>p1 team 6, 2, 3, 4, 5, 1\n>p2 team 2, 1, 3, 4, 5, 6\n>p1 move flipturn\n>p2 move thunderwave\n>p1 switch 3\n>p1 move knockoff\n>p2 move icebeam\n>p1 move earthpower\n>p2 move thunderwave\n>p1 switch 3\n>p2 move recover\n>p1 move flipturn\n>p2 move icebeam\n>p1 switch 2\n>p1 switch 2\n>p2 move recover\n>p1 move flipturn\n>p2 move icebeam\n>p1 switch 2\n>p1 move thunderbolt mega\n>p2 move icebeam\n>p1 move energyball\n>p2 switch 5\n>p1 move energyball\n>p2 move toxic\n>p2 switch 4\n>p1 move thunderbolt\n>p2 move flipturn\n>p2 switch 6\n>p1 switch 4\n>p1 move moonblast\n>p2 switch 5\n>p2 switch 6\n>p1 move moonblast\n>p2 move flipturn\n>p2 switch 2\n>p1 switch 3\n>p2 move swordsdance mega\n>p1 move earthpower\n>p2 move bitterblade\n>p1 switch 6\n>p1 move terablast terastallize\n>p2 switch 5\n>p2 switch 2\n>p1 switch 2\n>p2 move jetpunch\n>p1 move freezedry\n>p2 move closecombat\n>p2 switch 5\n>p1 switch 5\n>p2 move bitterblade\n>p1 move psychicnoise\n>p2 move swordsdance\n>p1 move psychicnoise\n>p2 move shadowsneak\n>p2 switch 3\n>p1 move psychicnoise\n>p2 move ficklebeam\n>p1 move slackoff\n>p2 move nastyplot\n>p1 move psychicnoise\n>p2 move terablast terastallize\n>p1 switch 5\n>p1 move icebeam\n>p2 move ficklebeam","uploadtime":1762342856}