{"id":"gen9natdexdraft-420","log":"|j|☆NottaDoc\n|j|☆drew0723\n|t:|1763251837\n|gametype|singles\n|player|p1|NottaDoc|102|\n|player|p2|drew0723|1|\n|gen|9\n|tier|[Gen 9] NatDex Draft\n|rule|Tera Type Preview: Tera Types are shown at Team Preview\n|rule|Sleep Clause Mod: Limit one foe put to sleep\n|rule|OHKO Clause: OHKO moves are banned\n|rule|Evasion Clause: Evasion abilities, items, and moves are banned\n|rule|Evasion Abilities Clause: Evasion abilities are banned\n|rule|Evasion Items Clause: Evasion items are banned\n|rule|Evasion Moves Clause: Evasion moves are banned\n|rule|Endless Battle Clause: Forcing endless battles is banned\n|rule|HP Percentage Mod: HP is shown in percentages\n|raw|<div class=\"infobox\"><details class=\"readmore\" open><summary><strong>1 custom rule:</strong></summary> Tera Type Preview</details></div>\n|clearpoke\n|poke|p1|Vileplume-Prime, F|\n|poke|p1|Typhlosion-Prime, F|\n|poke|p1|Gholdengo|\n|poke|p1|Zeraora|\n|poke|p1|Landorus-Therian, M|\n|poke|p1|Vaporeon, F|\n|poke|p2|Scream Tail-Prime|\n|poke|p2|Tornadus-Therian, M|\n|poke|p2|Great Tusk|\n|poke|p2|Iron Moth|\n|poke|p2|Pecharunt|\n|poke|p2|Orthworm, F|\n|raw|NottaDoc's Tera Types:<br /><psicon pokemon=\"vileplumeprime\" /><psicon type=\"Grass\" /> / <psicon pokemon=\"typhlosionprime\" /><psicon type=\"Fire\" /> / <psicon pokemon=\"gholdengo\" /><psicon type=\"Steel\" /> / <psicon pokemon=\"zeraora\" /><psicon type=\"Psychic\" /> / <psicon pokemon=\"landorustherian\" /><psicon type=\"Ground\" /> / <psicon pokemon=\"vaporeon\" /><psicon type=\"Water\" />\n|raw|drew0723's Tera Types:<br /><psicon pokemon=\"screamtailprime\" /><psicon type=\"Fairy\" /> / <psicon pokemon=\"tornadustherian\" /><psicon type=\"Dragon\" /> / <psicon pokemon=\"greattusk\" /><psicon type=\"Ground\" /> / <psicon pokemon=\"ironmoth\" /><psicon type=\"Fire\" /> / <psicon pokemon=\"pecharunt\" /><psicon type=\"Poison\" /> / <psicon pokemon=\"orthworm\" /><psicon type=\"Steel\" />\n|teampreview\n|c|☆NottaDoc|glhf\n|c|☆drew0723|Good Luck, Have Fun!\n|\n|t:|1763251878\n|teamsize|p1|6\n|teamsize|p2|6\n|start\n|switch|p1a: Landorus|Landorus-Therian, M|100/100\n|switch|p2a: Tornadus|Tornadus-Therian, M|100/100\n|-ability|p1a: Landorus|Intimidate|boost\n|-unboost|p2a: Tornadus|atk|1\n|turn|1\n|j|~SparksTheNeo\n|\n|t:|1763251886\n|switch|p2a: Orthworm|Orthworm, F|100/100\n|move|p1a: Landorus|Stealth Rock|p2a: Orthworm\n|-sidestart|p2: drew0723|move: Stealth Rock\n|\n|upkeep\n|turn|2\n|\n|t:|1763251896\n|switch|p1a: Vileplume-Prime|Vileplume-Prime, F|100/100\n|move|p2a: Orthworm|Stealth Rock|p1a: Vileplume-Prime\n|-sidestart|p1: NottaDoc|move: Stealth Rock\n|\n|upkeep\n|turn|3\n|\n|t:|1763251906\n|switch|p2a: Pecharunt|Pecharunt|100/100\n|-damage|p2a: Pecharunt|88/100|[from] Stealth Rock\n|move|p1a: Vileplume-Prime|Spore|p2a: Pecharunt\n|-activate|p2a: Pecharunt|item: Safety Goggles|Spore\n|\n|upkeep\n|turn|4\n|c|☆NottaDoc|common safety goggles w\n|\n|t:|1763251928\n|move|p2a: Pecharunt|Shadow Ball|p1a: Vileplume-Prime\n|-damage|p1a: Vileplume-Prime|81/100\n|move|p1a: Vileplume-Prime|Fiery Dance|p2a: Pecharunt\n|-damage|p2a: Pecharunt|58/100\n|-boost|p1a: Vileplume-Prime|spa|1\n|\n|-heal|p1a: Vileplume-Prime|88/100|[from] item: Black Sludge\n|upkeep\n|turn|5\n|\n|t:|1763251941\n|switch|p2a: Iron Moth|Iron Moth|100/100\n|-damage|p2a: Iron Moth|76/100|[from] Stealth Rock\n|move|p1a: Vileplume-Prime|Spore|p2a: Iron Moth\n|-status|p2a: Iron Moth|slp|[from] move: Spore\n|\n|-heal|p1a: Vileplume-Prime|94/100|[from] item: Black Sludge\n|upkeep\n|turn|6\n|c|~SparksTheNeo|sheesh\n|\n|t:|1763251966\n|-end|p2a: Iron Moth|Quark Drive|[silent]\n|switch|p2a: Tornadus|Tornadus-Therian, M|100/100\n|-damage|p2a: Tornadus|76/100|[from] Stealth Rock\n|switch|p1a: Landorus|Landorus-Therian, M|100/100\n|-damage|p1a: Landorus|88/100|[from] Stealth Rock\n|-ability|p1a: Landorus|Intimidate|boost\n|-unboost|p2a: Tornadus|atk|1\n|\n|upkeep\n|turn|7\n|\n|t:|1763251979\n|move|p1a: Landorus|Knock Off|p2a: Tornadus\n|-damage|p2a: Tornadus|37/100\n|-enditem|p2a: Tornadus|Assault Vest|[from] move: Knock Off|[of] p1a: Landorus\n|move|p2a: Tornadus|Knock Off|p1a: Landorus\n|-damage|p1a: Landorus|73/100\n|-enditem|p1a: Landorus|Choice Scarf|[from] move: Knock Off|[of] p2a: Tornadus\n|\n|upkeep\n|turn|8\n|c|☆NottaDoc|rude\n|\n|t:|1763251989\n|switch|p2a: Great Tusk|Great Tusk|100/100\n|-damage|p2a: Great Tusk|98/100|[from] Stealth Rock\n|move|p1a: Landorus|U-turn|p2a: Great Tusk\n|-resisted|p2a: Great Tusk\n|-damage|p2a: Great Tusk|88/100\n|c|~SparksTheNeo|stealth rock scarf holy\n|\n|t:|1763251996\n|switch|p1a: Vileplume-Prime|Vileplume-Prime, F|94/100|[from] U-turn\n|-damage|p1a: Vileplume-Prime|81/100|[from] Stealth Rock\n|\n|-heal|p1a: Vileplume-Prime|87/100|[from] item: Black Sludge\n|upkeep\n|turn|9\n|\n|t:|1763252009\n|move|p1a: Vileplume-Prime|Giga Drain|p2a: Great Tusk\n|-supereffective|p2a: Great Tusk\n|-enditem|p2a: Great Tusk|Rindo Berry|[eat]\n|-enditem|p2a: Great Tusk|Rindo Berry|[weaken]\n|-damage|p2a: Great Tusk|26/100\n|-heal|p1a: Vileplume-Prime|100/100|[from] drain|[of] p2a: Great Tusk\n|move|p2a: Great Tusk|Rapid Spin|p1a: Vileplume-Prime\n|-damage|p1a: Vileplume-Prime|86/100\n|-boost|p2a: Great Tusk|spe|1\n|-sideend|p2: drew0723|Stealth Rock|[from] move: Rapid Spin|[of] p2a: Great Tusk\n|\n|-heal|p1a: Vileplume-Prime|92/100|[from] item: Black Sludge\n|upkeep\n|turn|10\n|c|☆NottaDoc|thats also rude\n|\n|t:|1763252026\n|move|p1a: Vileplume-Prime|Giga Drain|p2a: Great Tusk\n|-supereffective|p2a: Great Tusk\n|-damage|p2a: Great Tusk|0 fnt\n|-heal|p1a: Vileplume-Prime|100/100|[from] drain|[of] p2a: Great Tusk\n|faint|p2a: Great Tusk\n|-end|p2a: Great Tusk|Protosynthesis|[silent]\n|\n|upkeep\n|\n|t:|1763252040\n|switch|p2a: Tornadus|Tornadus-Therian, M|70/100\n|turn|11\n|c|~SparksTheNeo|cant wait for scream tail to just scream tail all over u\n|\n|t:|1763252057\n|switch|p1a: Vaporeon|Vaporeon, F|100/100\n|-damage|p1a: Vaporeon|88/100|[from] Stealth Rock\n|-terastallize|p2a: Tornadus|Dragon\n|move|p2a: Tornadus|Bleakwind Storm|p1a: Vaporeon\n|-damage|p1a: Vaporeon|61/100\n|-unboost|p1a: Vaporeon|spe|1\n|\n|-heal|p1a: Vaporeon|67/100|[from] item: Leftovers\n|upkeep\n|turn|12\n|\n|t:|1763252072\n|move|p2a: Tornadus|Knock Off|p1a: Vaporeon\n|-damage|p1a: Vaporeon|53/100\n|-enditem|p1a: Vaporeon|Leftovers|[from] move: Knock Off|[of] p2a: Tornadus\n|move|p1a: Vaporeon|Toxic|p2a: Tornadus\n|-status|p2a: Tornadus|tox\n|\n|-damage|p2a: Tornadus|64/100 tox|[from] psn\n|upkeep\n|turn|13\n|\n|t:|1763252097\n|move|p2a: Tornadus|U-turn|p1a: Vaporeon\n|-damage|p1a: Vaporeon|43/100\n|\n|t:|1763252107\n|switch|p2a: Scream Tail-Prime|Scream Tail-Prime|100/100|[from] U-turn\n|move|p1a: Vaporeon|Wish|p1a: Vaporeon\n|\n|upkeep\n|turn|14\n|\n|t:|1763252167\n|switch|p1a: Gholdengo|Gholdengo|100/100\n|-damage|p1a: Gholdengo|94/100|[from] Stealth Rock\n|move|p2a: Scream Tail-Prime|Sparkly Swirl|p1a: Gholdengo\n|-resisted|p1a: Gholdengo\n|-damage|p1a: Gholdengo|76/100\n|-activate|p2a: Scream Tail-Prime|move: Aromatherapy\n|-curestatus|p2: Tornadus|tox|[msg]\n|-curestatus|p2: Iron Moth|slp|[msg]\n|\n|-heal|p1a: Gholdengo|100/100|[from] move: Wish|[wisher] Vaporeon\n|upkeep\n|turn|15\n|\n|t:|1763252182\n|-end|p2a: Scream Tail-Prime|Protosynthesis|[silent]\n|switch|p2a: Tornadus|Tornadus-Therian, M, tera:Dragon|97/100\n|move|p1a: Gholdengo|Make It Rain|p2a: Tornadus\n|-crit|p2a: Tornadus\n|-damage|p2a: Tornadus|0 fnt\n|-unboost|p1a: Gholdengo|spa|1\n|faint|p2a: Tornadus\n|\n|upkeep\n|c|~SparksTheNeo|big crit\n|c|☆drew0723|GG\n|c|☆NottaDoc|skadoosh\n|\n|t:|1763252204\n|switch|p2a: Iron Moth|Iron Moth|76/100\n|turn|16\n|\n|t:|1763252225\n|switch|p1a: Vaporeon|Vaporeon, F|43/100\n|-damage|p1a: Vaporeon|30/100|[from] Stealth Rock\n|move|p2a: Iron Moth|Fiery Dance|p1a: Vaporeon\n|-resisted|p1a: Vaporeon\n|-damage|p1a: Vaporeon|12/100\n|\n|upkeep\n|turn|17\n|\n|t:|1763252234\n|move|p2a: Iron Moth|Agility|p2a: Iron Moth\n|-boost|p2a: Iron Moth|spe|2\n|move|p1a: Vaporeon|Scald|p2a: Iron Moth\n|-supereffective|p2a: Iron Moth\n|-damage|p2a: Iron Moth|18/100\n|-enditem|p2a: Iron Moth|Weakness Policy\n|-boost|p2a: Iron Moth|atk|2|[from] item: Weakness Policy\n|-boost|p2a: Iron Moth|spa|2|[from] item: Weakness Policy\n|\n|upkeep\n|turn|18\n|c|~SparksTheNeo|oh shit\n|c|☆NottaDoc|thats not good\n|\n|t:|1763252248\n|move|p2a: Iron Moth|Fiery Dance|p1a: Vaporeon\n|-resisted|p1a: Vaporeon\n|-damage|p1a: Vaporeon|0 fnt\n|faint|p1a: Vaporeon\n|\n|upkeep\n|\n|t:|1763252312\n|switch|p1a: Zeraora|Zeraora|100/100\n|-damage|p1a: Zeraora|88/100|[from] Stealth Rock\n|turn|19\n|\n|t:|1763252345\n|move|p1a: Zeraora|Protect|p1a: Zeraora\n|-singleturn|p1a: Zeraora|Protect\n|move|p2a: Iron Moth|Fiery Dance|p1a: Zeraora\n|-activate|p1a: Zeraora|move: Protect\n|\n|-heal|p1a: Zeraora|94/100|[from] item: Leftovers\n|upkeep\n|turn|20\n|\n|t:|1763252351\n|-terastallize|p1a: Zeraora|Psychic\n|move|p2a: Iron Moth|Fiery Dance|p1a: Zeraora\n|-damage|p1a: Zeraora|0 fnt\n|-boost|p2a: Iron Moth|spa|1\n|faint|p1a: Zeraora\n|\n|upkeep\n|c|☆NottaDoc|yeah thats the only one i maybe lived\n|c|☆NottaDoc|gg\n|\n|t:|1763252369\n|switch|p1a: Vileplume-Prime|Vileplume-Prime, F|100/100\n|-damage|p1a: Vileplume-Prime|88/100|[from] Stealth Rock\n|turn|21\n|\n|t:|1763252382\n|move|p1a: Vileplume-Prime|Giga Drain|p2a: Iron Moth\n|-resisted|p2a: Iron Moth\n|-damage|p2a: Iron Moth|7/100\n|-heal|p1a: Vileplume-Prime|92/100|[from] drain|[of] p2a: Iron Moth\n|move|p2a: Iron Moth|Fiery Dance|p1a: Vileplume-Prime\n|-supereffective|p1a: Vileplume-Prime\n|-damage|p1a: Vileplume-Prime|0 fnt\n|-boost|p2a: Iron Moth|spa|1\n|faint|p1a: Vileplume-Prime\n|\n|upkeep\n|\n|t:|1763252388\n|switch|p1a: Landorus|Landorus-Therian, M|73/100\n|-damage|p1a: Landorus|61/100|[from] Stealth Rock\n|-ability|p1a: Landorus|Intimidate|boost\n|-unboost|p2a: Iron Moth|atk|1\n|turn|22\n|\n|t:|1763252397\n|move|p2a: Iron Moth|Fiery Dance|p1a: Landorus\n|-damage|p1a: Landorus|0 fnt\n|faint|p1a: Landorus\n|\n|upkeep\n|\n|t:|1763252401\n|switch|p1a: Typhlosion-Prime|Typhlosion-Prime, F|100/100\n|-damage|p1a: Typhlosion-Prime|76/100|[from] Stealth Rock\n|-weather|SunnyDay|[from] ability: Drought|[of] p1a: Typhlosion-Prime\n|turn|23\n|\n|t:|1763252412\n|move|p2a: Iron Moth|Sludge Wave|p1a: Typhlosion-Prime\n|-damage|p1a: Typhlosion-Prime|0 fnt\n|faint|p1a: Typhlosion-Prime\n|\n|-weather|SunnyDay|[upkeep]\n|upkeep\n|\n|t:|1763252417\n|switch|p1a: Gholdengo|Gholdengo|100/100\n|-damage|p1a: Gholdengo|94/100|[from] Stealth Rock\n|turn|24\n|\n|t:|1763252421\n|move|p2a: Iron Moth|Fiery Dance|p1a: Gholdengo\n|-supereffective|p1a: Gholdengo\n|-damage|p1a: Gholdengo|0 fnt\n|-boost|p2a: Iron Moth|spa|1\n|faint|p1a: Gholdengo\n|\n|win|drew0723\n|l|☆NottaDoc\n|player|p1|\n|c|☆drew0723|GG\n","players":["NottaDoc","drew0723"],"format":"[Gen 9] NatDex Draft","rating":null,"private":0,"password":null,"inputlog":">version 19226fd8189bb53d85415584f06aa21789a3c230\n>start {\"formatid\":\"gen9natdexdraft@@@Tera Type Preview\",\"seed\":\"sodium,ab37e02132b0a891e62e9275db91ffc6\"}\n>player p1 {\"name\":\"NottaDoc\",\"avatar\":\"102\",\"team\":\"Vileplume-Prime||BlackSludge|Triage|GigaDrain,Synthesis,Spore,FieryDance|Modest|252,,,252,4,|F|,0,,,,|||,,,,,Grass]Typhlosion-Prime||Leftovers|Drought|FieryDance,EarthPower,ElectroDrift,Substitute|Timid|,,,252,4,252|F|,0,,,,|||,,,,,Fire]Gholdengo||ChoiceSpecs|GoodasGold|MakeItRain,ShadowBall,Trick,Recover|Modest|252,,,252,,|N|,0,,,,|||,,,,,Steel]Zeraora||Leftovers|VoltAbsorb|HiddenPowerPsychic,Thunderbolt,Protect,CalmMind|Timid|252,,,96,,160|N|,0,,,,|||,Psychic,,,,Psychic]Landorus|LandorusTherian|ChoiceScarf|Intimidate|Earthquake,KnockOff,StealthRock,Uturn|Jolly|,252,,,4,252|M||||,,,,,Ground]Vaporeon||Leftovers|WaterAbsorb|Toxic,Wish,Scald,FlipTurn|Bold|252,,252,,4,|F||||,,,,,Water\",\"rating\":0}\n>player p2 {\"name\":\"drew0723\",\"avatar\":\"1\",\"team\":\"Scream Tail-Prime||Leftovers|Protosynthesis|SparklySwirl,GlitzyGlow,TorchSong,Moonlight|Bold|248,,252,,8,|N|,0,,,,|||,,,,,Fairy]Tornadus|TornadusTherian|AssaultVest|Regenerator|BleakwindStorm,HeatWave,KnockOff,Uturn|Timid|248,,,8,,252|M||||,,,,,Dragon]Great Tusk||RindoBerry|Protosynthesis|HeadlongRush,IceSpinner,KnockOff,RapidSpin||,252,,,,252|N||||,Fighting,,,,Ground]Iron Moth||WeaknessPolicy|QuarkDrive|FieryDance,SludgeWave,EnergyBall,Agility|Modest|,,,252,4,252|N|,0,,,,|||,,,,,Fire]Pecharunt||SafetyGoggles|PoisonPuppeteer|MalignantChain,ShadowBall,NastyPlot,Recover|Timid|252,,,,,252|N|,0,,,,|||,,,,,Poison]Orthworm||Leftovers|EarthEater|HeavySlam,Spikes,StealthRock,Earthquake|Serious|248,,252,,8,|F||||,,,,,Steel\",\"rating\":0}\n>chat ☆NottaDoc|glhf\n>chat ☆drew0723|Good Luck, Have Fun!\n>p1 team 5, 2, 3, 4, 1, 6\n>p2 team 2, 1, 3, 4, 5, 6\n>p1 move stealthrock\n>p2 switch 6\n>p1 switch 5\n>p2 move stealthrock\n>p1 move spore\n>p2 switch 5\n>chat ☆NottaDoc|common safety goggles w\n>p1 move fierydance\n>p2 move shadowball\n>p1 move spore\n>p2 switch 4\n>chat ~SparksTheNeo|sheesh\n>p1 switch 5\n>p2 switch 6\n>p1 move knockoff\n>p2 move knockoff\n>chat ☆NottaDoc|rude\n>p1 move uturn\n>p2 switch 3\n>chat ~SparksTheNeo|stealth rock scarf holy\n>p1 switch 5\n>p1 move gigadrain\n>p2 move rapidspin\n>chat ☆NottaDoc|thats also rude\n>p1 move gigadrain\n>p2 move knockoff\n>p2 switch 3\n>chat ~SparksTheNeo|cant wait for scream tail to just scream tail all over u\n>p1 switch 6\n>p2 move bleakwindstorm terastallize\n>p1 move toxic\n>p2 move knockoff\n>p1 move wish\n>p2 move uturn\n>p2 switch 2\n>p1 switch 3\n>p2 move sparklyswirl\n>p1 move makeitrain\n>p2 switch 2\n>chat ~SparksTheNeo|big crit\n>chat ☆drew0723|GG\n>chat ☆NottaDoc|skadoosh\n>p2 switch 6\n>p1 switch 3\n>p2 move fierydance\n>p1 move scald\n>p2 move agility\n>chat ~SparksTheNeo|oh shit\n>chat ☆NottaDoc|thats not good\n>p1 move scald\n>p2 move fierydance\n>p1 switch 4\n>p1 move protect\n>p2 move fierydance\n>p1 move thunderbolt terastallize\n>p2 move fierydance\n>chat ☆NottaDoc|yeah thats the only one i maybe lived\n>chat ☆NottaDoc|gg\n>p1 switch 6\n>p1 move gigadrain\n>p2 move fierydance\n>p1 switch 5\n>p1 move uturn\n>p2 move fierydance\n>p1 switch 2\n>p1 move fierydance\n>p2 move sludgewave\n>p1 switch 3\n>p1 move shadowball\n>p2 move fierydance","uploadtime":1763252447}