{"id":"gen9natdexdraft-206","log":"|j|☆Thebummer02\n|j|☆liviifailure\n|t:|1762113465\n|gametype|singles\n|player|p1|Thebummer02|101|\n|player|p2|liviifailure|iris-gen5bw2|\n|gen|9\n|tier|[Gen 9] NatDex Draft\n|rule|Sleep Clause Mod: Limit one foe put to sleep\n|rule|OHKO Clause: OHKO moves are banned\n|rule|Evasion Clause: Evasion abilities, items, and moves are banned\n|rule|Evasion Abilities Clause: Evasion abilities are banned\n|rule|Evasion Items Clause: Evasion items are banned\n|rule|Evasion Moves Clause: Evasion moves are banned\n|rule|Endless Battle Clause: Forcing endless battles is banned\n|rule|HP Percentage Mod: HP is shown in percentages\n|clearpoke\n|poke|p1|Blaziken-Prime, F|\n|poke|p1|Ninetales, F|\n|poke|p1|Garganacl, F|\n|poke|p1|Walking Wake|\n|poke|p1|Ogerpon-Hearthflame, F|\n|poke|p1|Venusaur-Prime, M|\n|poke|p2|Bombirdier, F|\n|poke|p2|Iron Bundle|\n|poke|p2|Dragalge-Prime, F|\n|poke|p2|Terapagos, M|\n|poke|p2|Abomasnow, F|\n|poke|p2|Rotom-Wash|\n|teampreview\n|c|☆liviifailure|glhf\n|\n|t:|1762113501\n|teamsize|p1|6\n|teamsize|p2|6\n|start\n|switch|p1a: Ogerpon|Ogerpon-Hearthflame, F|100/100\n|switch|p2a: Abomasnow|Abomasnow, F|100/100\n|-ability|p1a: Ogerpon|Mold Breaker\n|-weather|Snowscape|[from] ability: Snow Warning|[of] p2a: Abomasnow\n|turn|1\n|\n|t:|1762113519\n|switch|p2a: Dragalge-Prime|Dragalge-Prime, F|100/100\n|move|p1a: Ogerpon|Ivy Cudgel|p2a: Dragalge-Prime|[anim] Ivy Cudgel Fire\n|-resisted|p2a: Dragalge-Prime\n|-damage|p2a: Dragalge-Prime|78/100\n|\n|-weather|Snowscape|[upkeep]\n|upkeep\n|turn|2\n|\n|t:|1762113536\n|move|p1a: Ogerpon|Spikes|p2a: Dragalge-Prime\n|-sidestart|p2: liviifailure|Spikes\n|move|p2a: Dragalge-Prime|Flip Turn|p1a: Ogerpon\n|-damage|p1a: Ogerpon|84/100\n|\n|t:|1762113549\n|switch|p2a: Bombirdier|Bombirdier, F|100/100|[from] Flip Turn\n|\n|-weather|Snowscape|[upkeep]\n|upkeep\n|turn|3\n|\n|t:|1762113561\n|switch|p1a: Garganacl|Garganacl, F, shiny|100/100\n|move|p2a: Bombirdier|Stone Edge|p1a: Garganacl\n|-damage|p1a: Garganacl|68/100\n|\n|-weather|Snowscape|[upkeep]\n|-heal|p1a: Garganacl|74/100|[from] item: Leftovers\n|upkeep\n|turn|4\n|\n|t:|1762113579\n|switch|p2a: Abomasnow|Abomasnow, F|100/100\n|-damage|p2a: Abomasnow|88/100|[from] Spikes\n|move|p1a: Garganacl|Salt Cure|p2a: Abomasnow\n|-supereffective|p2a: Abomasnow\n|-damage|p2a: Abomasnow|66/100\n|-start|p2a: Abomasnow|Salt Cure\n|\n|-weather|Snowscape|[upkeep]\n|-heal|p1a: Garganacl|80/100|[from] item: Leftovers\n|-damage|p2a: Abomasnow|54/100|[from] Salt Cure\n|upkeep\n|turn|5\n|\n|t:|1762113617\n|switch|p2a: Rotom|Rotom-Wash|100/100\n|-terastallize|p1a: Garganacl|Ghost\n|move|p1a: Garganacl|Stealth Rock|p2a: Rotom\n|-sidestart|p2: liviifailure|move: Stealth Rock\n|\n|-weather|none\n|-heal|p1a: Garganacl|87/100|[from] item: Leftovers\n|upkeep\n|turn|6\n|\n|t:|1762113627\n|move|p2a: Rotom|Hydro Pump|p1a: Garganacl\n|-crit|p1a: Garganacl\n|-damage|p1a: Garganacl|45/100\n|move|p1a: Garganacl|Salt Cure|p2a: Rotom\n|-damage|p2a: Rotom|87/100\n|\n|-heal|p1a: Garganacl|51/100|[from] item: Leftovers\n|upkeep\n|turn|7\n|\n|t:|1762113650\n|move|p2a: Rotom|Defog|p1a: Garganacl\n|-unboost|p1a: Garganacl|evasion|1\n|-sideend|p2: liviifailure|Spikes|[from] move: Defog|[of] p2a: Rotom\n|-sideend|p2: liviifailure|Stealth Rock|[from] move: Defog|[of] p2a: Rotom\n|move|p1a: Garganacl|Recover|p1a: Garganacl\n|-heal|p1a: Garganacl|100/100\n|\n|upkeep\n|turn|8\n|\n|t:|1762113659\n|move|p2a: Rotom|Hydro Pump|p1a: Garganacl\n|-damage|p1a: Garganacl|73/100\n|move|p1a: Garganacl|Salt Cure|p2a: Rotom\n|-damage|p2a: Rotom|72/100\n|\n|-heal|p1a: Garganacl|79/100|[from] item: Leftovers\n|upkeep\n|turn|9\n|\n|t:|1762113671\n|move|p2a: Rotom|Volt Switch|p1a: Garganacl\n|-damage|p1a: Garganacl|64/100\n|\n|t:|1762113678\n|switch|p2a: Dragalge-Prime|Dragalge-Prime, F|78/100|[from] Volt Switch\n|move|p1a: Garganacl|Stealth Rock|p2a: Dragalge-Prime\n|-sidestart|p2: liviifailure|move: Stealth Rock\n|\n|-heal|p1a: Garganacl|70/100|[from] item: Leftovers\n|upkeep\n|turn|10\n|\n|t:|1762113698\n|move|p2a: Dragalge-Prime|Draco Meteor|p1a: Garganacl\n|-damage|p1a: Garganacl|0 fnt\n|-unboost|p2a: Dragalge-Prime|spa|2\n|faint|p1a: Garganacl\n|\n|upkeep\n|\n|t:|1762113783\n|switch|p1a: Ogerpon|Ogerpon-Hearthflame, F|84/100\n|-ability|p1a: Ogerpon|Mold Breaker\n|turn|11\n|\n|t:|1762113796\n|move|p1a: Ogerpon|Ivy Cudgel|p2a: Dragalge-Prime|[anim] Ivy Cudgel Fire\n|-resisted|p2a: Dragalge-Prime\n|-damage|p2a: Dragalge-Prime|54/100\n|move|p2a: Dragalge-Prime|Flip Turn|p1a: Ogerpon\n|-damage|p1a: Ogerpon|68/100\n|\n|t:|1762113804\n|switch|p2a: Bombirdier|Bombirdier, F|100/100|[from] Flip Turn\n|-damage|p2a: Bombirdier|76/100|[from] Stealth Rock\n|\n|upkeep\n|turn|12\n|\n|t:|1762113815\n|-terastallize|p2a: Bombirdier|Rock\n|move|p2a: Bombirdier|Stone Edge|p1a: Ogerpon\n|-supereffective|p1a: Ogerpon\n|-damage|p1a: Ogerpon|0 fnt\n|faint|p1a: Ogerpon\n|\n|upkeep\n|\n|t:|1762113824\n|switch|p1a: Walking Wake|Walking Wake|100/100\n|turn|13\n|\n|t:|1762113841\n|switch|p2a: Rotom|Rotom-Wash|72/100\n|-damage|p2a: Rotom|59/100|[from] Stealth Rock\n|move|p1a: Walking Wake|Flip Turn|p2a: Rotom\n|-resisted|p2a: Rotom\n|-damage|p2a: Rotom|50/100\n|\n|t:|1762113852\n|-end|p1a: Walking Wake|Protosynthesis|[silent]\n|switch|p1a: Ninetales|Ninetales, F|100/100|[from] Flip Turn\n|-weather|SunnyDay|[from] ability: Drought|[of] p1a: Ninetales\n|\n|-weather|SunnyDay|[upkeep]\n|upkeep\n|turn|14\n|\n|t:|1762113870\n|move|p1a: Ninetales|Will-O-Wisp|p2a: Rotom\n|-status|p2a: Rotom|brn\n|move|p2a: Rotom|Pain Split|p1a: Ninetales\n|-sethp|p1a: Ninetales|76/100|[from] move: Pain Split|[silent]\n|-sethp|p2a: Rotom|75/100 brn|[from] move: Pain Split\n|\n|-weather|SunnyDay|[upkeep]\n|-damage|p2a: Rotom|68/100 brn|[from] brn\n|upkeep\n|turn|15\n|\n|t:|1762113885\n|move|p1a: Ninetales|Baton Pass|p1a: Ninetales\n|\n|t:|1762113891\n|switch|p1a: Walking Wake|Walking Wake|100/100|[from] Baton Pass\n|-activate|p1a: Walking Wake|ability: Protosynthesis\n|-start|p1a: Walking Wake|protosynthesisspa\n|move|p2a: Rotom|Defog|p1a: Walking Wake\n|-unboost|p1a: Walking Wake|evasion|1\n|-sideend|p2: liviifailure|Stealth Rock|[from] move: Defog|[of] p2a: Rotom\n|\n|-weather|SunnyDay|[upkeep]\n|-damage|p2a: Rotom|62/100 brn|[from] brn\n|upkeep\n|turn|16\n|\n|t:|1762113901\n|move|p1a: Walking Wake|Draco Meteor|p2a: Rotom\n|-damage|p2a: Rotom|0 fnt\n|-unboost|p1a: Walking Wake|spa|2\n|faint|p2a: Rotom\n|\n|-weather|SunnyDay|[upkeep]\n|upkeep\n|\n|t:|1762113905\n|switch|p2a: Dragalge-Prime|Dragalge-Prime, F|54/100\n|turn|17\n|\n|t:|1762113926\n|move|p1a: Walking Wake|Draco Meteor|p2a: Dragalge-Prime\n|-supereffective|p2a: Dragalge-Prime\n|-damage|p2a: Dragalge-Prime|15/100\n|-unboost|p1a: Walking Wake|spa|2\n|move|p2a: Dragalge-Prime|Core Enforcer|p1a: Walking Wake\n|-supereffective|p1a: Walking Wake\n|-damage|p1a: Walking Wake|0 fnt\n|faint|p1a: Walking Wake\n|-end|p1a: Walking Wake|Protosynthesis|[silent]\n|\n|-weather|SunnyDay|[upkeep]\n|upkeep\n|\n|t:|1762113935\n|switch|p1a: Venusaur-Prime|Venusaur-Prime, M|100/100\n|turn|18\n|\n|t:|1762113945\n|move|p1a: Venusaur-Prime|Malignant Chain|p2a: Dragalge-Prime\n|-resisted|p2a: Dragalge-Prime\n|-damage|p2a: Dragalge-Prime|0 fnt\n|faint|p2a: Dragalge-Prime\n|-damage|p1a: Venusaur-Prime|91/100|[from] item: Life Orb\n|\n|-weather|SunnyDay|[upkeep]\n|upkeep\n|\n|t:|1762113960\n|switch|p2a: Terapagos|Terapagos, M|100/100\n|-activate|p2a: Terapagos|ability: Tera Shift\n|detailschange|p2a: Terapagos|Terapagos-Terastal, M\n|-heal|p2a: Terapagos|100/100|[silent]\n|turn|19\n|\n|t:|1762113965\n|move|p1a: Venusaur-Prime|Malignant Chain|p2a: Terapagos\n|-activate|p2a: Terapagos|ability: Tera Shell\n|-resisted|p2a: Terapagos\n|-crit|p2a: Terapagos\n|-damage|p2a: Terapagos|56/100\n|-status|p2a: Terapagos|tox\n|-damage|p1a: Venusaur-Prime|81/100|[from] item: Life Orb\n|move|p2a: Terapagos|Flamethrower|p1a: Venusaur-Prime\n|-supereffective|p1a: Venusaur-Prime\n|-damage|p1a: Venusaur-Prime|0 fnt\n|faint|p1a: Venusaur-Prime\n|\n|-weather|SunnyDay|[upkeep]\n|-damage|p2a: Terapagos|50/100 tox|[from] psn\n|upkeep\n|\n|t:|1762113995\n|switch|p1a: Blaziken-Prime|Blaziken-Prime, F|100/100\n|turn|20\n|\n|t:|1762114003\n|move|p1a: Blaziken-Prime|Protect|p1a: Blaziken-Prime\n|-singleturn|p1a: Blaziken-Prime|Protect\n|move|p2a: Terapagos|Flamethrower|p1a: Blaziken-Prime\n|-activate|p1a: Blaziken-Prime|move: Protect\n|\n|-weather|none\n|-damage|p2a: Terapagos|38/100 tox|[from] psn\n|-ability|p1a: Blaziken-Prime|Speed Boost|boost\n|-boost|p1a: Blaziken-Prime|spe|1\n|upkeep\n|turn|21\n|\n|t:|1762114015\n|switch|p2a: Abomasnow|Abomasnow, F|54/100\n|-weather|Snowscape|[from] ability: Snow Warning|[of] p2a: Abomasnow\n|move|p1a: Blaziken-Prime|Close Combat|p2a: Abomasnow\n|-supereffective|p2a: Abomasnow\n|-damage|p2a: Abomasnow|0 fnt\n|-unboost|p1a: Blaziken-Prime|def|1\n|-unboost|p1a: Blaziken-Prime|spd|1\n|faint|p2a: Abomasnow\n|-damage|p1a: Blaziken-Prime|91/100|[from] item: Life Orb\n|\n|-weather|Snowscape|[upkeep]\n|-ability|p1a: Blaziken-Prime|Speed Boost|boost\n|-boost|p1a: Blaziken-Prime|spe|1\n|upkeep\n|\n|t:|1762114039\n|switch|p2a: Iron Bundle|Iron Bundle|100/100\n|-enditem|p2a: Iron Bundle|Booster Energy\n|-activate|p2a: Iron Bundle|ability: Quark Drive|[fromitem]\n|-start|p2a: Iron Bundle|quarkdrivespa\n|turn|22\n|\n|t:|1762114048\n|move|p1a: Blaziken-Prime|Close Combat|p2a: Iron Bundle\n|-supereffective|p2a: Iron Bundle\n|-damage|p2a: Iron Bundle|0 fnt\n|-unboost|p1a: Blaziken-Prime|def|1\n|-unboost|p1a: Blaziken-Prime|spd|1\n|faint|p2a: Iron Bundle\n|-end|p2a: Iron Bundle|Quark Drive|[silent]\n|-damage|p1a: Blaziken-Prime|81/100|[from] item: Life Orb\n|\n|-weather|Snowscape|[upkeep]\n|-ability|p1a: Blaziken-Prime|Speed Boost|boost\n|-boost|p1a: Blaziken-Prime|spe|1\n|upkeep\n|\n|t:|1762114058\n|switch|p2a: Terapagos|Terapagos-Terastal, M|38/100 tox\n|turn|23\n|\n|t:|1762114065\n|move|p1a: Blaziken-Prime|Close Combat|p2a: Terapagos\n|-supereffective|p2a: Terapagos\n|-damage|p2a: Terapagos|0 fnt\n|-unboost|p1a: Blaziken-Prime|def|1\n|-unboost|p1a: Blaziken-Prime|spd|1\n|faint|p2a: Terapagos\n|-damage|p1a: Blaziken-Prime|71/100|[from] item: Life Orb\n|\n|-weather|Snowscape|[upkeep]\n|-ability|p1a: Blaziken-Prime|Speed Boost|boost\n|-boost|p1a: Blaziken-Prime|spe|1\n|upkeep\n|\n|t:|1762114067\n|switch|p2a: Bombirdier|Bombirdier, F, tera:Rock|76/100\n|turn|24\n|\n|t:|1762114080\n|move|p1a: Blaziken-Prime|Protect|p1a: Blaziken-Prime\n|-singleturn|p1a: Blaziken-Prime|Protect\n|move|p2a: Bombirdier|Stone Edge|p1a: Blaziken-Prime\n|-activate|p1a: Blaziken-Prime|move: Protect\n|\n|-weather|Snowscape|[upkeep]\n|-ability|p1a: Blaziken-Prime|Speed Boost|boost\n|-boost|p1a: Blaziken-Prime|spe|1\n|upkeep\n|turn|25\n|\n|t:|1762114086\n|move|p1a: Blaziken-Prime|Close Combat|p2a: Bombirdier\n|-supereffective|p2a: Bombirdier\n|-damage|p2a: Bombirdier|0 fnt\n|-unboost|p1a: Blaziken-Prime|def|1\n|-unboost|p1a: Blaziken-Prime|spd|1\n|faint|p2a: Bombirdier\n|-damage|p1a: Blaziken-Prime|61/100|[from] item: Life Orb\n|\n|win|Thebummer02\n","players":["Thebummer02","liviifailure"],"format":"[Gen 9] NatDex Draft","rating":null,"private":0,"password":null,"inputlog":">version 2352b00944e7462b49311a255b814d2e23110915\n>start {\"formatid\":\"gen9natdexdraft\",\"seed\":\"sodium,d3ae2f3307da8c63c8a826835f825f26\"}\n>player p1 {\"name\":\"Thebummer02\",\"avatar\":\"101\",\"team\":\"Blaziken-Prime||LifeOrb|SpeedBoost|FlareBlitz,Earthquake,Protect,CloseCombat|Adamant|,252,,,4,252|F||||,,,,,Fire]Ninetales||HeatRock|Drought|FireBlast,WillOWisp,BatonPass,ScorchingSands|Timid|44,,,252,4,208|F|,0,,,,|||,,,,,Fire]Garganacl||Leftovers|PurifyingSalt|StealthRock,Recover,SaltCure,IronDefense|Careful|248,8,,,252,|F||S||,,,,,Ghost]Walking Wake||ChoiceScarf|Protosynthesis|FlipTurn,DracoMeteor,HydroSteam,Flamethrower|Timid|148,,,252,4,104|N||||,,,,,Water]Ogerpon|OgerponHearthflame|HearthflameMask|MoldBreaker|Spikes,IvyCudgel,Uturn,Encore|Jolly|4,252,,,,252|F||||,Poison,,,,Fire]Venusaur-Prime||LifeOrb|Chlorophyll|Growth,MalignantChain,EnergyBall,EarthPower|Modest|,,,252,4,252|M|,0,,,,|||,,,,,Grass\",\"rating\":0}\n>player p2 {\"name\":\"liviifailure\",\"avatar\":\"iris-gen5bw2\",\"team\":\"Bombirdier||ChoiceScarf|RockyPayload|StoneEdge,Uturn,BraveBird,PartingShot|Jolly|24,252,4,,,228|F||||,,,,,Rock]Iron Bundle||BoosterEnergy|QuarkDrive|FlipTurn,FreezeDry,IceBeam,HydroPump|Modest|80,,,252,4,172|N||||,,,,,Stellar]Dragalge-Prime||AssaultVest|DragonsMaw|Scald,DracoMeteor,FlipTurn,CoreEnforcer|Quiet|248,,,252,8,|F||||,,,,,Stellar]Terapagos||ChoiceSpecs|TeraShift|TeraStarstorm,Flamethrower,IceBeam,EarthPower|Modest|80,,,252,,176|M|,15,,,,|||,Dark,,,,Stellar]Abomasnow||Abomasite|SnowWarning|AuroraVeil,Earthquake,IceShard,IceSpinner|Adamant|248,252,8,,,|F||||,,,,,Stellar]Rotom|RotomWash|CovertCloak|Levitate|Defog,VoltSwitch,HydroPump,PainSplit|Calm|252,,4,,252,|N|,0,,,,|||,,,,,Stellar\",\"rating\":0}\n>chat ☆liviifailure|glhf\n>p1 team 5, 2, 3, 4, 1, 6\n>p2 team 5, 2, 3, 4, 1, 6\n>p1 move ivycudgel\n>p2 switch 3\n>p1 move spikes\n>p2 move flipturn\n>p2 switch 5\n>p1 switch 3\n>p2 move stoneedge\n>p1 move saltcure\n>p2 switch 3\n>p1 move stealthrock terastallize\n>p2 switch 6\n>p1 move saltcure\n>p2 move hydropump\n>p1 move recover\n>p2 move defog\n>p1 move saltcure\n>p2 move hydropump\n>p1 move stealthrock\n>p2 move voltswitch\n>p2 switch 5\n>p1 move recover\n>p2 move dracometeor\n>p1 switch 3\n>p1 move ivycudgel\n>p2 move flipturn\n>p2 switch 3\n>p1 move uturn\n>p2 move stoneedge terastallize\n>p1 switch 4\n>p1 move flipturn\n>p2 switch 5\n>p1 switch 2\n>p1 move willowisp\n>p2 move painsplit\n>p1 move batonpass\n>p2 move defog\n>p1 switch 2\n>p1 move dracometeor\n>p2 move painsplit\n>p2 switch 3\n>p1 move dracometeor\n>p2 move coreenforcer\n>p1 switch 6\n>p1 move malignantchain\n>p2 move dracometeor\n>p2 switch 4\n>p1 move malignantchain\n>p2 move flamethrower\n>p1 switch 5\n>p1 move protect\n>p2 move flamethrower\n>p1 move closecombat\n>p2 switch 6\n>p2 switch 2\n>p1 move closecombat\n>p2 move hydropump\n>p2 switch 6\n>p1 move closecombat\n>p2 move terastarstorm\n>p2 switch 5\n>p1 move protect\n>p2 move stoneedge\n>p1 move closecombat\n>p2 move stoneedge","uploadtime":1762114088}