{"id":"gen9natdexdraft-160","log":"|j|☆SparksTheNeo\n|j|☆NottaDoc\n|t:|1761614702\n|gametype|singles\n|player|p1|SparksTheNeo|101|\n|player|p2|NottaDoc|169|\n|gen|9\n|tier|[Gen 9] NatDex Draft\n|rule|Tera Type Preview: Tera Types are shown at Team Preview\n|rule|Sleep Clause Mod: Limit one foe put to sleep\n|rule|OHKO Clause: OHKO moves are banned\n|rule|Evasion Clause: Evasion abilities, items, and moves are banned\n|rule|Evasion Abilities Clause: Evasion abilities are banned\n|rule|Evasion Items Clause: Evasion items are banned\n|rule|Evasion Moves Clause: Evasion moves are banned\n|rule|Endless Battle Clause: Forcing endless battles is banned\n|rule|HP Percentage Mod: HP is shown in percentages\n|raw|<div class=\"infobox\"><details class=\"readmore\" open><summary><strong>1 custom rule:</strong></summary> Tera Type Preview</details></div>\n|clearpoke\n|poke|p1|Iron Thorns-Prime|\n|poke|p1|Mr. Rime-Prime, F|\n|poke|p1|Ditto|\n|poke|p1|Skarmory, F|\n|poke|p1|Mudsdale, F|\n|poke|p1|Throh, M|\n|poke|p2|Mandibuzz, F|\n|poke|p2|Typhlosion-Prime, F|\n|poke|p2|Vileplume-Prime, M|\n|poke|p2|Landorus-Therian, M|\n|poke|p2|Zeraora|\n|poke|p2|Gholdengo|\n|raw|SparksTheNeo's Tera Types:<br /><psicon pokemon=\"ironthornsprime\" /><psicon type=\"Rock\" /> / <psicon pokemon=\"mrrimeprime\" /><psicon type=\"Ice\" /> / <psicon pokemon=\"ditto\" /><psicon type=\"Fire\" /> / <psicon pokemon=\"skarmory\" /><psicon type=\"Dragon\" /> / <psicon pokemon=\"mudsdale\" /><psicon type=\"Ground\" /> / <psicon pokemon=\"throh\" /><psicon type=\"Fighting\" />\n|raw|NottaDoc's Tera Types:<br /><psicon pokemon=\"mandibuzz\" /><psicon type=\"Dark\" /> / <psicon pokemon=\"typhlosionprime\" /><psicon type=\"Fire\" /> / <psicon pokemon=\"vileplumeprime\" /><psicon type=\"Grass\" /> / <psicon pokemon=\"landorustherian\" /><psicon type=\"Ground\" /> / <psicon pokemon=\"zeraora\" /><psicon type=\"Steel\" /> / <psicon pokemon=\"gholdengo\" /><psicon type=\"Steel\" />\n|teampreview\n|c|☆NottaDoc|glhf\n|c|☆SparksTheNeo|u2\n|c|☆SparksTheNeo|i cant even make playoffs\n|c|☆SparksTheNeo|so fuck it we ball\n|\n|t:|1761614769\n|teamsize|p1|6\n|teamsize|p2|6\n|start\n|switch|p1a: Mudsdale|Mudsdale, F|100/100\n|switch|p2a: Landorus|Landorus-Therian, M|100/100\n|-ability|p2a: Landorus|Intimidate|boost\n|-unboost|p1a: Mudsdale|atk|1\n|turn|1\n|\n|t:|1761614778\n|move|p2a: Landorus|Stealth Rock|p1a: Mudsdale\n|-sidestart|p1: SparksTheNeo|move: Stealth Rock\n|move|p1a: Mudsdale|Stealth Rock|p2a: Landorus\n|-sidestart|p2: NottaDoc|move: Stealth Rock\n|\n|upkeep\n|turn|2\n|\n|t:|1761614787\n|switch|p2a: Mandibuzz|Mandibuzz, F|100/100\n|switch|p1a: Skarmory|Skarmory, F|100/100\n|\n|upkeep\n|turn|3\n|c|☆SparksTheNeo|huh\n|\n|t:|1761614798\n|move|p2a: Mandibuzz|Knock Off|p1a: Skarmory\n|-damage|p1a: Skarmory|86/100\n|-enditem|p1a: Skarmory|Heavy-Duty Boots|[from] move: Knock Off|[of] p2a: Mandibuzz\n|move|p1a: Skarmory|Spikes|p2a: Mandibuzz\n|-sidestart|p2: NottaDoc|Spikes\n|\n|upkeep\n|turn|4\n|\n|t:|1761614810\n|move|p2a: Mandibuzz|Defog|p1a: Skarmory\n|-unboost|p1a: Skarmory|evasion|1\n|-sideend|p1: SparksTheNeo|Stealth Rock|[from] move: Defog|[of] p2a: Mandibuzz\n|-sideend|p2: NottaDoc|Spikes|[from] move: Defog|[of] p2a: Mandibuzz\n|-sideend|p2: NottaDoc|Stealth Rock|[from] move: Defog|[of] p2a: Mandibuzz\n|move|p1a: Skarmory|Spikes|p2a: Mandibuzz\n|-sidestart|p2: NottaDoc|Spikes\n|\n|upkeep\n|turn|5\n|\n|t:|1761614835\n|switch|p1a: Throh|Throh, M|100/100\n|move|p2a: Mandibuzz|Knock Off|p1a: Throh\n|-resisted|p1a: Throh\n|-damage|p1a: Throh|90/100\n|-enditem|p1a: Throh|Leftovers|[from] move: Knock Off|[of] p2a: Mandibuzz\n|\n|upkeep\n|turn|6\n|\n|t:|1761614844\n|move|p2a: Mandibuzz|Toxic|p1a: Throh\n|-status|p1a: Throh|tox\n|move|p1a: Throh|Knock Off|p2a: Mandibuzz\n|-resisted|p2a: Mandibuzz\n|-damage|p2a: Mandibuzz|88/100\n|-enditem|p2a: Mandibuzz|Heavy-Duty Boots|[from] move: Knock Off|[of] p1a: Throh\n|\n|-damage|p1a: Throh|84/100 tox|[from] psn\n|upkeep\n|turn|7\n|\n|t:|1761614872\n|switch|p1a: Skarmory|Skarmory, F|86/100\n|move|p2a: Mandibuzz|Knock Off|p1a: Skarmory\n|-damage|p1a: Skarmory|76/100\n|\n|upkeep\n|turn|8\n|\n|t:|1761614886\n|move|p2a: Mandibuzz|Knock Off|p1a: Skarmory\n|-damage|p1a: Skarmory|66/100\n|move|p1a: Skarmory|Spikes|p2a: Mandibuzz\n|-sidestart|p2: NottaDoc|Spikes\n|\n|upkeep\n|turn|9\n|\n|t:|1761614889\n|move|p2a: Mandibuzz|Defog|p1a: Skarmory\n|-unboost|p1a: Skarmory|evasion|1\n|-sideend|p2: NottaDoc|Spikes|[from] move: Defog|[of] p2a: Mandibuzz\n|move|p1a: Skarmory|Roost|p1a: Skarmory\n|-heal|p1a: Skarmory|100/100\n|-singleturn|p1a: Skarmory|move: Roost\n|\n|upkeep\n|turn|10\n|\n|t:|1761614897\n|switch|p2a: Zeraora|Zeraora|100/100\n|move|p1a: Skarmory|Spikes|p2a: Zeraora\n|-sidestart|p2: NottaDoc|Spikes\n|\n|upkeep\n|turn|11\n|\n|t:|1761614901\n|switch|p1a: Mudsdale|Mudsdale, F|100/100\n|move|p2a: Zeraora|Volt Switch|p1a: Mudsdale\n|-immune|p1a: Mudsdale\n|\n|upkeep\n|turn|12\n|\n|t:|1761614905\n|switch|p2a: Mandibuzz|Mandibuzz, F|88/100\n|move|p1a: Mudsdale|Stealth Rock|p2a: Mandibuzz\n|-sidestart|p2: NottaDoc|move: Stealth Rock\n|\n|upkeep\n|turn|13\n|\n|t:|1761614914\n|switch|p1a: Skarmory|Skarmory, F|100/100\n|move|p2a: Mandibuzz|Defog|p1a: Skarmory\n|-unboost|p1a: Skarmory|evasion|1\n|-sideend|p2: NottaDoc|Spikes|[from] move: Defog|[of] p2a: Mandibuzz\n|-sideend|p2: NottaDoc|Stealth Rock|[from] move: Defog|[of] p2a: Mandibuzz\n|\n|upkeep\n|turn|14\n|\n|t:|1761614920\n|switch|p2a: Zeraora|Zeraora|100/100\n|move|p1a: Skarmory|Spikes|p2a: Zeraora\n|-sidestart|p2: NottaDoc|Spikes\n|\n|upkeep\n|turn|15\n|\n|t:|1761614924\n|switch|p1a: Mudsdale|Mudsdale, F|100/100\n|move|p2a: Zeraora|Toxic|p1a: Mudsdale\n|-status|p1a: Mudsdale|tox\n|\n|-damage|p1a: Mudsdale|94/100 tox|[from] psn\n|upkeep\n|turn|16\n|\n|t:|1761614932\n|switch|p2a: Mandibuzz|Mandibuzz, F|88/100\n|move|p1a: Mudsdale|Roar|p2a: Mandibuzz\n|drag|p2a: Vileplume-Prime|Vileplume-Prime, M|100/100\n|-damage|p2a: Vileplume-Prime|88/100|[from] Spikes\n|\n|-heal|p2a: Vileplume-Prime|94/100|[from] item: Black Sludge\n|-heal|p1a: Mudsdale|100/100 tox|[from] item: Leftovers\n|-damage|p1a: Mudsdale|88/100 tox|[from] psn\n|upkeep\n|turn|17\n|\n|t:|1761614950\n|switch|p2a: Landorus|Landorus-Therian, M|100/100\n|-ability|p2a: Landorus|Intimidate|boost\n|-unboost|p1a: Mudsdale|atk|1\n|switch|p1a: Mr. Rime-Prime|Mr. Rime-Prime, F|100/100\n|\n|upkeep\n|turn|18\n|\n|t:|1761614959\n|move|p1a: Mr. Rime-Prime|Light Screen|p1a: Mr. Rime-Prime\n|-sidestart|p1: SparksTheNeo|move: Light Screen\n|move|p2a: Landorus|U-turn|p1a: Mr. Rime-Prime\n|-supereffective|p1a: Mr. Rime-Prime\n|-damage|p1a: Mr. Rime-Prime|53/100\n|\n|t:|1761614990\n|switch|p2a: Zeraora|Zeraora|100/100|[from] U-turn\n|-damage|p2a: Zeraora|88/100|[from] Spikes\n|\n|-heal|p2a: Zeraora|94/100|[from] item: Leftovers\n|upkeep\n|turn|19\n|\n|t:|1761615008\n|switch|p1a: Mudsdale|Mudsdale, F|88/100 tox\n|move|p2a: Zeraora|Knock Off|p1a: Mudsdale\n|-damage|p1a: Mudsdale|64/100 tox\n|-ability|p1a: Mudsdale|Stamina|boost\n|-boost|p1a: Mudsdale|def|1\n|-enditem|p1a: Mudsdale|Leftovers|[from] move: Knock Off|[of] p2a: Zeraora\n|\n|-heal|p2a: Zeraora|100/100|[from] item: Leftovers\n|-damage|p1a: Mudsdale|58/100 tox|[from] psn\n|upkeep\n|turn|20\n|\n|t:|1761615024\n|switch|p2a: Vileplume-Prime|Vileplume-Prime, M|94/100\n|-damage|p2a: Vileplume-Prime|82/100|[from] Spikes\n|move|p1a: Mudsdale|Stealth Rock|p2a: Vileplume-Prime\n|-sidestart|p2: NottaDoc|move: Stealth Rock\n|\n|-heal|p2a: Vileplume-Prime|88/100|[from] item: Black Sludge\n|-damage|p1a: Mudsdale|45/100 tox|[from] psn\n|upkeep\n|turn|21\n|\n|t:|1761615046\n|move|p2a: Vileplume-Prime|Giga Drain|p1a: Mudsdale\n|-supereffective|p1a: Mudsdale\n|-damage|p1a: Mudsdale|14/100 tox\n|-heal|p2a: Vileplume-Prime|100/100|[from] drain|[of] p1a: Mudsdale\n|-ability|p1a: Mudsdale|Stamina|boost\n|-boost|p1a: Mudsdale|def|1\n|move|p1a: Mudsdale|Roar|p2a: Vileplume-Prime\n|drag|p2a: Landorus|Landorus-Therian, M|100/100\n|-damage|p2a: Landorus|88/100|[from] Stealth Rock\n|-ability|p2a: Landorus|Intimidate|boost\n|-unboost|p1a: Mudsdale|atk|1\n|\n|-damage|p1a: Mudsdale|0 fnt|[from] psn\n|faint|p1a: Mudsdale\n|upkeep\n|\n|t:|1761615069\n|switch|p1a: Ditto|Ditto|100/100\n|-transform|p1a: Ditto|p2a: Landorus|[from] ability: Imposter\n|-ability|p1a: Ditto|Intimidate|boost\n|-unboost|p2a: Landorus|atk|1\n|turn|22\n|\n|t:|1761615076\n|move|p2a: Landorus|Knock Off|p1a: Ditto\n|-damage|p1a: Ditto|71/100\n|-enditem|p1a: Ditto|Choice Scarf|[from] move: Knock Off|[of] p2a: Landorus\n|move|p1a: Ditto|U-turn|p2a: Landorus\n|-resisted|p2a: Landorus\n|-damage|p2a: Landorus|74/100\n|c|☆NottaDoc|the rumor come out\n|c|☆SparksTheNeo|monka scarf moment\n|c|☆NottaDoc|could be anything\n|c|☆SparksTheNeo|losing speed tie it's a bleak\n|c|☆SparksTheNeo|im scarfed smh\n|c|☆SparksTheNeo|which means ur scarfed\n|c|☆SparksTheNeo|ok fuck it\n|\n|t:|1761615140\n|switch|p1a: Iron Thorns-Prime|Iron Thorns-Prime|100/100|[from] U-turn\n|-weather|Sandstorm|[from] ability: Sand Stream|[of] p1a: Iron Thorns-Prime\n|\n|-weather|Sandstorm|[upkeep]\n|upkeep\n|turn|23\n|c|☆NottaDoc|i have more evasion evs i would have dodged\n|\n|t:|1761615153\n|switch|p2a: Vileplume-Prime|Vileplume-Prime, M|100/100\n|-damage|p2a: Vileplume-Prime|88/100|[from] Spikes\n|-damage|p2a: Vileplume-Prime|76/100|[from] Stealth Rock\n|move|p1a: Iron Thorns-Prime|Shift Gear|p1a: Iron Thorns-Prime\n|-boost|p1a: Iron Thorns-Prime|spe|2\n|-boost|p1a: Iron Thorns-Prime|atk|1\n|\n|-weather|Sandstorm|[upkeep]\n|-damage|p2a: Vileplume-Prime|70/100|[from] Sandstorm\n|-heal|p2a: Vileplume-Prime|76/100|[from] item: Black Sludge\n|upkeep\n|turn|24\n|\n|t:|1761615161\n|move|p2a: Vileplume-Prime|Strength Sap|p1a: Iron Thorns-Prime\n|-fail|p1a: Iron Thorns-Prime|unboost|[from] item: Clear Amulet|[of] p1a: Iron Thorns-Prime\n|-heal|p2a: Vileplume-Prime|100/100\n|move|p1a: Iron Thorns-Prime|Shift Gear|p1a: Iron Thorns-Prime\n|-boost|p1a: Iron Thorns-Prime|spe|2\n|-boost|p1a: Iron Thorns-Prime|atk|1\n|\n|-weather|Sandstorm|[upkeep]\n|-damage|p2a: Vileplume-Prime|94/100|[from] Sandstorm\n|-heal|p2a: Vileplume-Prime|100/100|[from] item: Black Sludge\n|upkeep\n|turn|25\n|\n|t:|1761615166\n|move|p1a: Iron Thorns-Prime|Diamond Storm|p2a: Vileplume-Prime\n|-damage|p2a: Vileplume-Prime|0 fnt\n|-boost|p1a: Iron Thorns-Prime|def|2\n|faint|p2a: Vileplume-Prime\n|\n|-weather|Sandstorm|[upkeep]\n|-sideend|p1: SparksTheNeo|move: Light Screen\n|upkeep\n|c|☆NottaDoc|uh oh\n|c|☆SparksTheNeo|RAAAAAH FUCK THAT VILEPLUME\n|c|☆NottaDoc|i shoulda spored right away\n|\n|t:|1761615189\n|switch|p2a: Gholdengo|Gholdengo|100/100\n|-damage|p2a: Gholdengo|88/100|[from] Spikes\n|-damage|p2a: Gholdengo|82/100|[from] Stealth Rock\n|turn|26\n|c|☆SparksTheNeo|almost brought sub\n|\n|t:|1761615195\n|move|p1a: Iron Thorns-Prime|Plasma Fists|p2a: Gholdengo\n|-damage|p2a: Gholdengo|0 fnt\n|-fieldactivate|move: Ion Deluge\n|-hint|Normal-type moves become Electric-type after using Plasma Fists.\n|faint|p2a: Gholdengo\n|\n|-weather|none\n|upkeep\n|\n|t:|1761615205\n|switch|p2a: Landorus|Landorus-Therian, M|74/100\n|-damage|p2a: Landorus|61/100|[from] Stealth Rock\n|-ability|p2a: Landorus|Intimidate|boost\n|-fail|p1a: Iron Thorns-Prime|unboost|[from] item: Clear Amulet|[of] p1a: Iron Thorns-Prime\n|turn|27\n|\n|t:|1761615212\n|move|p1a: Iron Thorns-Prime|Diamond Storm|p2a: Landorus\n|-damage|p2a: Landorus|0 fnt\n|faint|p2a: Landorus\n|\n|upkeep\n|\n|t:|1761615215\n|switch|p2a: Zeraora|Zeraora|100/100\n|-damage|p2a: Zeraora|88/100|[from] Spikes\n|-damage|p2a: Zeraora|76/100|[from] Stealth Rock\n|turn|28\n|c|☆SparksTheNeo|finally\n|c|☆SparksTheNeo|for once\n|c|☆SparksTheNeo|iron thorns has done something\n|c|☆SparksTheNeo|IN THE ENTIRE HISTORY\n|\n|t:|1761615230\n|-terastallize|p2a: Zeraora|Steel\n|move|p1a: Iron Thorns-Prime|Diamond Storm|p2a: Zeraora|[miss]\n|-miss|p1a: Iron Thorns-Prime|p2a: Zeraora\n|move|p2a: Zeraora|Toxic|p1a: Iron Thorns-Prime\n|-status|p1a: Iron Thorns-Prime|tox\n|\n|-heal|p2a: Zeraora|82/100|[from] item: Leftovers\n|-damage|p1a: Iron Thorns-Prime|94/100 tox|[from] psn\n|upkeep\n|turn|29\n|c|☆NottaDoc|i wonder if that killed if i was max bulk vile\n|c|☆NottaDoc|if not im bad\n|\n|t:|1761615261\n|move|p1a: Iron Thorns-Prime|Plasma Fists|p2a: Zeraora\n|-heal|p2a: Zeraora|100/100|[from] ability: Volt Absorb|[of] p1a: Iron Thorns-Prime\n|move|p2a: Zeraora|Iron Tail|p1a: Iron Thorns-Prime\n|-damage|p1a: Iron Thorns-Prime|80/100 tox\n|\n|-damage|p1a: Iron Thorns-Prime|67/100 tox|[from] psn\n|upkeep\n|turn|30\n|c|☆SparksTheNeo|if u need calc im 56 ev + attack nature\n|c|☆SparksTheNeo|ok im dumb\n|\n|t:|1761615275\n|move|p1a: Iron Thorns-Prime|Diamond Storm|p2a: Zeraora\n|-resisted|p2a: Zeraora\n|-damage|p2a: Zeraora|25/100\n|move|p2a: Zeraora|Knock Off|p1a: Iron Thorns-Prime\n|-damage|p1a: Iron Thorns-Prime|59/100 tox\n|-enditem|p1a: Iron Thorns-Prime|Clear Amulet|[from] move: Knock Off|[of] p2a: Zeraora\n|\n|-heal|p2a: Zeraora|31/100|[from] item: Leftovers\n|-damage|p1a: Iron Thorns-Prime|40/100 tox|[from] psn\n|upkeep\n|turn|31\n|\n|t:|1761615291\n|switch|p2a: Mandibuzz|Mandibuzz, F|88/100\n|-damage|p2a: Mandibuzz|63/100|[from] Stealth Rock\n|move|p1a: Iron Thorns-Prime|Diamond Storm|p2a: Mandibuzz\n|-supereffective|p2a: Mandibuzz\n|-damage|p2a: Mandibuzz|0 fnt\n|faint|p2a: Mandibuzz\n|\n|-damage|p1a: Iron Thorns-Prime|16/100 tox|[from] psn\n|upkeep\n|\n|t:|1761615299\n|switch|p2a: Typhlosion-Prime|Typhlosion-Prime, F|100/100\n|-weather|SunnyDay|[from] ability: Drought|[of] p2a: Typhlosion-Prime\n|turn|32\n|\n|t:|1761615303\n|move|p2a: Typhlosion-Prime|Burning Bulwark|p2a: Typhlosion-Prime\n|-singleturn|p2a: Typhlosion-Prime|move: Protect\n|move|p1a: Iron Thorns-Prime|Diamond Storm|p2a: Typhlosion-Prime\n|-activate|p2a: Typhlosion-Prime|move: Protect\n|\n|-weather|SunnyDay|[upkeep]\n|-damage|p1a: Iron Thorns-Prime|0 fnt|[from] psn\n|faint|p1a: Iron Thorns-Prime\n|upkeep\n|\n|t:|1761615317\n|switch|p1a: Ditto|Ditto|71/100\n|-transform|p1a: Ditto|p2a: Typhlosion-Prime|[from] ability: Imposter\n|turn|33\n|\n|t:|1761615326\n|move|p2a: Typhlosion-Prime|Substitute|p2a: Typhlosion-Prime\n|-start|p2a: Typhlosion-Prime|Substitute\n|-damage|p2a: Typhlosion-Prime|76/100\n|move|p1a: Ditto|Earth Power|p2a: Typhlosion-Prime\n|-supereffective|p2a: Typhlosion-Prime\n|-end|p2a: Typhlosion-Prime|Substitute\n|\n|-weather|SunnyDay|[upkeep]\n|upkeep\n|turn|34\n|c|☆SparksTheNeo|pls ditto\n|c|☆SparksTheNeo|win this speed tie\n|\n|t:|1761615336\n|move|p1a: Ditto|Earth Power|p2a: Typhlosion-Prime\n|-supereffective|p2a: Typhlosion-Prime\n|-damage|p2a: Typhlosion-Prime|16/100\n|move|p2a: Typhlosion-Prime|Earth Power|p1a: Ditto\n|-supereffective|p1a: Ditto\n|-damage|p1a: Ditto|8/100\n|\n|-weather|SunnyDay|[upkeep]\n|upkeep\n|turn|35\n|c|☆SparksTheNeo|ok\n|c|☆SparksTheNeo|do it again\n|\n|t:|1761615347\n|move|p2a: Typhlosion-Prime|Burning Bulwark|p2a: Typhlosion-Prime\n|-singleturn|p2a: Typhlosion-Prime|move: Protect\n|move|p1a: Ditto|Earth Power|p2a: Typhlosion-Prime\n|-activate|p2a: Typhlosion-Prime|move: Protect\n|\n|-weather|SunnyDay|[upkeep]\n|upkeep\n|turn|36\n|\n|t:|1761615353\n|move|p1a: Ditto|Earth Power|p2a: Typhlosion-Prime\n|-supereffective|p2a: Typhlosion-Prime\n|-damage|p2a: Typhlosion-Prime|0 fnt\n|faint|p2a: Typhlosion-Prime\n|\n|-weather|none\n|upkeep\n|\n|t:|1761615355\n|switch|p2a: Zeraora|Zeraora, tera:Steel|31/100\n|-damage|p2a: Zeraora|19/100|[from] Spikes\n|-damage|p2a: Zeraora|13/100|[from] Stealth Rock\n|turn|37\n|c|☆SparksTheNeo|goat\n|\n|t:|1761615365\n|move|p2a: Zeraora|Knock Off|p1a: Ditto\n|-damage|p1a: Ditto|0 fnt\n|faint|p1a: Ditto\n|\n|-heal|p2a: Zeraora|19/100|[from] item: Leftovers\n|upkeep\n|c|☆NottaDoc|man i threw hard\n|\n|t:|1761615369\n|switch|p1a: Throh|Throh, M|84/100 tox\n|turn|38\n|c|☆NottaDoc|its final week tho its ok\n|\n|t:|1761615377\n|move|p2a: Zeraora|Iron Tail|p1a: Throh\n|-damage|p1a: Throh|44/100 tox\n|-unboost|p1a: Throh|def|1\n|move|p1a: Throh|Earthquake|p2a: Zeraora\n|-supereffective|p2a: Zeraora\n|-damage|p2a: Zeraora|0 fnt\n|faint|p2a: Zeraora\n|\n|win|SparksTheNeo\n|c|☆SparksTheNeo|true true\n|c|☆SparksTheNeo|gg\n|c|☆NottaDoc|gg\n","players":["SparksTheNeo","NottaDoc"],"format":"[Gen 9] NatDex Draft","rating":null,"private":0,"password":null,"inputlog":">version c46cc36e35404dc9bff0aa60d7edc2c323c305c2\n>start {\"formatid\":\"gen9natdexdraft@@@Tera Type Preview\",\"seed\":\"sodium,eb13e3cdf80b5744b12fb5f57429ffe2\"}\n>player p1 {\"name\":\"SparksTheNeo\",\"avatar\":\"101\",\"team\":\"Iron Thorns-Prime||ClearAmulet|SandStream|DiamondStorm,ShoreUp,ShiftGear,PlasmaFists|Adamant|252,56,,,200,|N||||,,,,,Rock]Mr. Rime-Prime||LightClay|Prankster|LightScreen,MirrorCoat,SlackOff,LuminaCrash|Calm|248,,,8,252,|F|,0,,,,|||,,,,,Ice]Ditto||ChoiceScarf|Imposter|Transform||252,,,,,|N|,30,,,,|||,,,,,Fire]Skarmory||HeavyDutyBoots|Sturdy|Roost,Defog,Whirlwind,Spikes|Bold|252,,232,,,24|F|,0,,,,|||,,,,,Dragon]Mudsdale||Leftovers|Stamina|Earthquake,StealthRock,Roar,RockSlide|Careful|252,,116,,140,|F||||,,,,,Ground]Throh||Leftovers|Guts|Earthquake,CircleThrow,Rest,KnockOff|Careful|252,4,,,252,|M||||,,,,,Fighting\",\"rating\":0}\n>player p2 {\"name\":\"NottaDoc\",\"avatar\":\"169\",\"team\":\"Mandibuzz||HeavyDutyBoots|Overcoat|Roost,KnockOff,Toxic,Defog|Careful|252,,12,,244,|F||||,,,,,Dark]Typhlosion-Prime||HeavyDutyBoots|Drought|FieryDance,EarthPower,Substitute,BurningBulwark|Timid|80,,,252,,176|F|,0,,,,|||,,,,,Fire]Vileplume-Prime||BlackSludge|Triage|GigaDrain,StrengthSap,FieryDance,Spore|Modest|252,,,252,4,|M|,0,,,,|||,,,,,Grass]Landorus|LandorusTherian|ChoiceScarf|Intimidate|Earthquake,KnockOff,StealthRock,Uturn|Jolly|,252,,,4,252|M||||,,,,,Ground]Zeraora||Leftovers|VoltAbsorb|KnockOff,Toxic,IronTail,VoltSwitch|Jolly|104,252,,,,152|N||||,,,,,Steel]Gholdengo||Leftovers|GoodasGold|Hex,NastyPlot,Recover,ThunderWave|Modest|252,,,252,,|N|,0,,,,|||,,,,,Steel\",\"rating\":0}\n>chat ☆NottaDoc|glhf\n>chat ☆SparksTheNeo|u2\n>chat ☆SparksTheNeo|i cant even make playoffs\n>chat ☆SparksTheNeo|so fuck it we ball\n>p1 team 5, 2, 3, 4, 1, 6\n>p2 team 4, 2, 3, 1, 5, 6\n>p1 move stealthrock\n>p2 move stealthrock\n>p1 switch 4\n>p2 switch 4\n>chat ☆SparksTheNeo|huh\n>p1 move spikes\n>p2 move knockoff\n>p1 move spikes\n>p2 move defog\n>p1 switch 6\n>p2 move knockoff\n>p1 move knockoff\n>p2 move toxic\n>p1 switch 6\n>p2 move knockoff\n>p1 move spikes\n>p2 move knockoff\n>p1 move roost\n>p2 move defog\n>p1 move spikes\n>p2 switch 5\n>p1 switch 4\n>p2 move voltswitch\n>p1 move stealthrock\n>p2 switch 5\n>p1 switch 4\n>p2 move defog\n>p1 move spikes\n>p2 switch 5\n>p1 switch 4\n>p2 move toxic\n>p1 move roar\n>p2 switch 5\n>p1 switch 2\n>p2 switch 4\n>p1 move lightscreen\n>p2 move uturn\n>p2 switch 5\n>p1 switch 2\n>p2 move knockoff\n>p1 move stealthrock\n>p2 switch 4\n>p1 move roar\n>p2 move gigadrain\n>p1 switch 3\n>p1 move uturn\n>p2 move knockoff\n>chat ☆NottaDoc|the rumor come out\n>chat ☆SparksTheNeo|monka scarf moment\n>chat ☆NottaDoc|could be anything\n>chat ☆SparksTheNeo|losing speed tie it's a bleak\n>chat ☆SparksTheNeo|im scarfed smh\n>chat ☆SparksTheNeo|which means ur scarfed\n>chat ☆SparksTheNeo|ok fuck it\n>p1 switch 5\n>chat ☆NottaDoc|i have more evasion evs i would have dodged\n>p1 move shiftgear\n>p2 switch 5\n>p1 move shiftgear\n>p2 move strengthsap\n>p1 move diamondstorm\n>p2 move spore\n>chat ☆NottaDoc|uh oh\n>chat ☆SparksTheNeo|RAAAAAH FUCK THAT VILEPLUME\n>chat ☆NottaDoc|i shoulda spored right away\n>p2 switch 6\n>chat ☆SparksTheNeo|almost brought sub\n>p1 move plasmafists\n>p2 move hex\n>p2 switch 5\n>p1 move diamondstorm\n>p2 move earthquake\n>p2 switch 4\n>chat ☆SparksTheNeo|finally\n>chat ☆SparksTheNeo|for once\n>chat ☆SparksTheNeo|iron thorns has done something\n>chat ☆SparksTheNeo|IN THE ENTIRE HISTORY\n>p1 move diamondstorm\n>p2 move toxic terastallize\n>chat ☆NottaDoc|i wonder if that killed if i was max bulk vile\n>chat ☆NottaDoc|if not im bad\n>p1 move plasmafists\n>p2 move irontail\n>chat ☆SparksTheNeo|if u need calc im 56 ev + attack nature\n>chat ☆SparksTheNeo|ok im dumb\n>p1 move diamondstorm\n>p2 move knockoff\n>p1 move diamondstorm\n>p2 switch 3\n>p2 switch 2\n>p1 move diamondstorm\n>p2 move burningbulwark\n>p1 switch 5\n>p1 move earthpower\n>p2 move substitute\n>chat ☆SparksTheNeo|pls ditto\n>chat ☆SparksTheNeo|win this speed tie\n>p1 move earthpower\n>p2 move earthpower\n>chat ☆SparksTheNeo|ok\n>chat ☆SparksTheNeo|do it again\n>p1 move earthpower\n>p2 move burningbulwark\n>p1 move earthpower\n>p2 move fierydance\n>p2 switch 3\n>chat ☆SparksTheNeo|goat\n>p1 move earthpower\n>p2 move knockoff\n>chat ☆NottaDoc|man i threw hard\n>p1 switch 6\n>chat ☆NottaDoc|its final week tho its ok\n>p1 move earthquake\n>p2 move irontail","uploadtime":1761615384}