{"id":"gen9natdexdraft-528","log":"|j|☆ayoitslux\n|j|☆chub hub\n|t:|1764034147\n|gametype|singles\n|player|p1|ayoitslux|169|\n|player|p2|chub hub|169|\n|gen|9\n|tier|[Gen 9] NatDex Draft\n|rule|Tera Type Preview: Tera Types are shown at Team Preview\n|rule|Sleep Clause Mod: Limit one foe put to sleep\n|rule|OHKO Clause: OHKO moves are banned\n|rule|Evasion Clause: Evasion abilities, items, and moves are banned\n|rule|Evasion Abilities Clause: Evasion abilities are banned\n|rule|Evasion Items Clause: Evasion items are banned\n|rule|Evasion Moves Clause: Evasion moves are banned\n|rule|Endless Battle Clause: Forcing endless battles is banned\n|rule|HP Percentage Mod: HP is shown in percentages\n|raw|<div class=\"infobox\"><details class=\"readmore\" open><summary><strong>1 custom rule:</strong></summary> Tera Type Preview</details></div>\n|clearpoke\n|poke|p1|Wormadam-Pixie-Dust, F|\n|poke|p1|Marshydow, F|\n|poke|p1|Iron Spike, M|\n|poke|p1|Iron Moth|\n|poke|p1|Enamorus, F|\n|poke|p1|Flygon, F|\n|poke|p2|Scream Tail|\n|poke|p2|Mamoswine, F|\n|poke|p2|Drifblim-Hell, M|\n|poke|p2|Overqwil, M|\n|poke|p2|Iron Saw, M|\n|poke|p2|Iron Boulder|\n|raw|ayoitslux's Tera Types:<br /><psicon pokemon=\"wormadampixiedust\" /><psicon type=\"Bug\" /> / <psicon pokemon=\"marshydow\" /><psicon type=\"Ghost\" /> / <psicon pokemon=\"ironspike\" /><psicon type=\"Water\" /> / <psicon pokemon=\"ironmoth\" /><psicon type=\"Fire\" /> / <psicon pokemon=\"enamorus\" /><psicon type=\"Steel\" /> / <psicon pokemon=\"flygon\" /><psicon type=\"Ground\" />\n|raw|chub hub's Tera Types:<br /><psicon pokemon=\"screamtail\" /><psicon type=\"Fairy\" /> / <psicon pokemon=\"mamoswine\" /><psicon type=\"Ice\" /> / <psicon pokemon=\"drifblimhell\" /><psicon type=\"Water\" /> / <psicon pokemon=\"overqwil\" /><psicon type=\"Dark\" /> / <psicon pokemon=\"ironsaw\" /><psicon type=\"Electric\" /> / <psicon pokemon=\"ironboulder\" /><psicon type=\"Fighting\" />\n|teampreview\n|c|☆ayoitslux|glhf\n|c|☆chub hub|hf famly\n|\n|t:|1764034188\n|teamsize|p1|6\n|teamsize|p2|6\n|start\n|switch|p1a: Wormadam-Pixie-Dus|Wormadam-Pixie-Dust, F, shiny|100/100\n|switch|p2a: Scream Tail|Scream Tail, shiny|100/100\n|turn|1\n|\n|t:|1764034197\n|move|p2a: Scream Tail|Stealth Rock|p1a: Wormadam-Pixie-Dus\n|-sidestart|p1: ayoitslux|move: Stealth Rock\n|move|p1a: Wormadam-Pixie-Dus|Sticky Web|p2a: Scream Tail\n|-sidestart|p2: chub hub|move: Sticky Web\n|\n|upkeep\n|turn|2\n|\n|t:|1764034200\n|move|p2a: Scream Tail|Thunder Wave|p1a: Wormadam-Pixie-Dus\n|-status|p1a: Wormadam-Pixie-Dus|par\n|move|p1a: Wormadam-Pixie-Dus|Stealth Rock|p2a: Scream Tail\n|-sidestart|p2: chub hub|move: Stealth Rock\n|\n|upkeep\n|turn|3\n|\n|t:|1764034204\n|-end|p2a: Scream Tail|Protosynthesis|[silent]\n|switch|p2a: Iron Saw|Iron Saw, M|100/100\n|-activate|p2a: Iron Saw|move: Sticky Web\n|-unboost|p2a: Iron Saw|spe|1\n|-damage|p2a: Iron Saw|94/100|[from] Stealth Rock\n|move|p1a: Wormadam-Pixie-Dus|Moonblast|p2a: Iron Saw\n|-resisted|p2a: Iron Saw\n|-damage|p2a: Iron Saw|75/100\n|\n|upkeep\n|turn|4\n|\n|t:|1764034208\n|switch|p1a: Marshydow|Marshydow, F|100/100\n|-damage|p1a: Marshydow|94/100|[from] Stealth Rock\n|move|p2a: Iron Saw|Play Rough|p1a: Marshydow\n|-supereffective|p1a: Marshydow\n|-damage|p1a: Marshydow|21/100\n|\n|upkeep\n|turn|5\n|\n|t:|1764034218\n|-end|p2a: Iron Saw|Quark Drive|[silent]\n|switch|p2a: Overqwil|Overqwil, M|100/100\n|-activate|p2a: Overqwil|move: Sticky Web\n|-unboost|p2a: Overqwil|spe|1\n|-damage|p2a: Overqwil|88/100|[from] Stealth Rock\n|-ability|p2a: Overqwil|Intimidate|boost\n|-unboost|p1a: Marshydow|atk|1\n|move|p1a: Marshydow|Close Combat|p2a: Overqwil\n|-damage|p2a: Overqwil|55/100\n|-unboost|p1a: Marshydow|def|1\n|-unboost|p1a: Marshydow|spd|1\n|\n|-heal|p2a: Overqwil|61/100|[from] item: Black Sludge\n|upkeep\n|turn|6\n|\n|t:|1764034230\n|switch|p1a: Iron Spike|Iron Spike, M|100/100\n|-damage|p1a: Iron Spike|94/100|[from] Stealth Rock\n|move|p2a: Overqwil|Spikes|p1a: Iron Spike\n|-sidestart|p1: ayoitslux|Spikes\n|\n|-heal|p2a: Overqwil|68/100|[from] item: Black Sludge\n|upkeep\n|turn|7\n|\n|t:|1764034235\n|switch|p2a: Iron Saw|Iron Saw, M|75/100\n|-activate|p2a: Iron Saw|move: Sticky Web\n|-unboost|p2a: Iron Saw|spe|1\n|-damage|p2a: Iron Saw|69/100|[from] Stealth Rock\n|move|p1a: Iron Spike|Calm Mind|p1a: Iron Spike\n|-boost|p1a: Iron Spike|spa|1\n|-boost|p1a: Iron Spike|spd|1\n|\n|upkeep\n|turn|8\n|\n|t:|1764034245\n|move|p2a: Iron Saw|U-turn|p1a: Iron Spike\n|-resisted|p1a: Iron Spike\n|-damage|p1a: Iron Spike|83/100\n|\n|t:|1764034248\n|-end|p2a: Iron Saw|Quark Drive|[silent]\n|switch|p2a: Drifblim-Hell|Drifblim-Hell, M|100/100|[from] U-turn\n|-activate|p2a: Drifblim-Hell|move: Sticky Web\n|-unboost|p2a: Drifblim-Hell|spe|1\n|-damage|p2a: Drifblim-Hell|88/100|[from] Stealth Rock\n|move|p1a: Iron Spike|Scald|p2a: Drifblim-Hell\n|-resisted|p2a: Drifblim-Hell\n|-damage|p2a: Drifblim-Hell|69/100\n|\n|upkeep\n|turn|9\n|\n|t:|1764034254\n|-end|p1a: Iron Spike|Quark Drive|[silent]\n|switch|p1a: Wormadam-Pixie-Dus|Wormadam-Pixie-Dust, F, shiny|100/100 par\n|-damage|p1a: Wormadam-Pixie-Dus|75/100 par|[from] Stealth Rock\n|-damage|p1a: Wormadam-Pixie-Dus|63/100 par|[from] Spikes\n|detailschange|p2a: Drifblim-Hell|Drifblim-Hell-Mega, M\n|-mega|p2a: Drifblim-Hell|Drifblim-Hell|Drifblimite Hell\n|move|p2a: Drifblim-Hell|Reflect Type|p1a: Wormadam-Pixie-Dus\n|-start|p2a: Drifblim-Hell|typechange|[from] move: Reflect Type|[of] p1a: Wormadam-Pixie-Dus\n|\n|upkeep\n|-start|p2a: Drifblim-Hell|typechange|Bug/Fairy|[silent]\n|turn|10\n|\n|t:|1764034261\n|move|p2a: Drifblim-Hell|Strength Sap|p1a: Wormadam-Pixie-Dus\n|-unboost|p1a: Wormadam-Pixie-Dus|atk|1\n|-heal|p2a: Drifblim-Hell|94/100\n|move|p1a: Wormadam-Pixie-Dus|Endeavor|p2a: Drifblim-Hell\n|-damage|p2a: Drifblim-Hell|47/100\n|\n|upkeep\n|turn|11\n|\n|t:|1764034268\n|move|p2a: Drifblim-Hell|Strength Sap|p1a: Wormadam-Pixie-Dus\n|-unboost|p1a: Wormadam-Pixie-Dus|atk|1\n|-heal|p2a: Drifblim-Hell|63/100\n|move|p1a: Wormadam-Pixie-Dus|Endeavor|p2a: Drifblim-Hell\n|-damage|p2a: Drifblim-Hell|47/100\n|\n|upkeep\n|turn|12\n|\n|t:|1764034282\n|move|p2a: Drifblim-Hell|Scald|p1a: Wormadam-Pixie-Dus\n|-damage|p1a: Wormadam-Pixie-Dus|39/100 par\n|cant|p1a: Wormadam-Pixie-Dus|par\n|\n|upkeep\n|turn|13\n|\n|t:|1764034287\n|switch|p2a: Iron Saw|Iron Saw, M|69/100\n|-activate|p2a: Iron Saw|move: Sticky Web\n|-unboost|p2a: Iron Saw|spe|1\n|-damage|p2a: Iron Saw|63/100|[from] Stealth Rock\n|move|p1a: Wormadam-Pixie-Dus|Endeavor|p2a: Iron Saw\n|-damage|p2a: Iron Saw|39/100\n|\n|upkeep\n|turn|14\n|\n|t:|1764034294\n|switch|p1a: Marshydow|Marshydow, F|21/100\n|-damage|p1a: Marshydow|15/100|[from] Stealth Rock\n|-damage|p1a: Marshydow|3/100|[from] Spikes\n|move|p2a: Iron Saw|Rapid Spin|p1a: Marshydow\n|-immune|p1a: Marshydow\n|\n|upkeep\n|turn|15\n|\n|t:|1764034301\n|-end|p2a: Iron Saw|Quark Drive|[silent]\n|switch|p2a: Overqwil|Overqwil, M|68/100\n|-activate|p2a: Overqwil|move: Sticky Web\n|-unboost|p2a: Overqwil|spe|1\n|-damage|p2a: Overqwil|55/100|[from] Stealth Rock\n|-ability|p2a: Overqwil|Intimidate|boost\n|-unboost|p1a: Marshydow|atk|1\n|move|p1a: Marshydow|Close Combat|p2a: Overqwil\n|-damage|p2a: Overqwil|21/100\n|-unboost|p1a: Marshydow|def|1\n|-unboost|p1a: Marshydow|spd|1\n|\n|-heal|p2a: Overqwil|27/100|[from] item: Black Sludge\n|upkeep\n|turn|16\n|\n|t:|1764034307\n|move|p1a: Marshydow|Close Combat|p2a: Overqwil\n|-damage|p2a: Overqwil|0 fnt\n|-unboost|p1a: Marshydow|def|1\n|-unboost|p1a: Marshydow|spd|1\n|faint|p2a: Overqwil\n|\n|upkeep\n|\n|t:|1764034311\n|switch|p2a: Mamoswine|Mamoswine, F, shiny|100/100\n|-activate|p2a: Mamoswine|move: Sticky Web\n|-unboost|p2a: Mamoswine|spe|1\n|-damage|p2a: Mamoswine|88/100|[from] Stealth Rock\n|turn|17\n|\n|t:|1764034315\n|move|p1a: Marshydow|Shadow Sneak|p2a: Mamoswine\n|-damage|p2a: Mamoswine|70/100\n|move|p2a: Mamoswine|Ice Shard|p1a: Marshydow\n|-damage|p1a: Marshydow|0 fnt\n|faint|p1a: Marshydow\n|\n|upkeep\n|\n|t:|1764034335\n|switch|p1a: Iron Moth|Iron Moth|100/100\n|-damage|p1a: Iron Moth|76/100|[from] Stealth Rock\n|-damage|p1a: Iron Moth|63/100|[from] Spikes\n|-enditem|p1a: Iron Moth|Booster Energy\n|-activate|p1a: Iron Moth|ability: Quark Drive|[fromitem]\n|-start|p1a: Iron Moth|quarkdrivespe\n|turn|18\n|\n|t:|1764034352\n|move|p1a: Iron Moth|Energy Ball|p2a: Mamoswine\n|-supereffective|p2a: Mamoswine\n|-damage|p2a: Mamoswine|0 fnt\n|faint|p2a: Mamoswine\n|\n|upkeep\n|\n|t:|1764034361\n|switch|p2a: Drifblim-Hell|Drifblim-Hell-Mega, M|47/100\n|-damage|p2a: Drifblim-Hell|34/100|[from] Stealth Rock\n|turn|19\n|\n|t:|1764034369\n|move|p1a: Iron Moth|Energy Ball|p2a: Drifblim-Hell\n|-damage|p2a: Drifblim-Hell|14/100\n|move|p2a: Drifblim-Hell|Scald|p1a: Iron Moth\n|-supereffective|p1a: Iron Moth\n|-damage|p1a: Iron Moth|0 fnt\n|faint|p1a: Iron Moth\n|-end|p1a: Iron Moth|Quark Drive|[silent]\n|\n|upkeep\n|\n|t:|1764034377\n|switch|p1a: Enamorus|Enamorus, F|100/100\n|-damage|p1a: Enamorus|76/100|[from] Stealth Rock\n|turn|20\n|\n|t:|1764034382\n|-terastallize|p1a: Enamorus|Steel\n|move|p1a: Enamorus|Calm Mind|p1a: Enamorus\n|-boost|p1a: Enamorus|spa|1\n|-boost|p1a: Enamorus|spd|1\n|move|p2a: Drifblim-Hell|Strength Sap|p1a: Enamorus\n|-unboost|p1a: Enamorus|atk|1\n|-heal|p2a: Drifblim-Hell|62/100\n|\n|-heal|p1a: Enamorus|82/100|[from] item: Leftovers\n|upkeep\n|turn|21\n|\n|t:|1764034389\n|move|p1a: Enamorus|Calm Mind|p1a: Enamorus\n|-boost|p1a: Enamorus|spa|1\n|-boost|p1a: Enamorus|spd|1\n|move|p2a: Drifblim-Hell|Reflect Type|p1a: Enamorus\n|-start|p2a: Drifblim-Hell|typechange|[from] move: Reflect Type|[of] p1a: Enamorus\n|\n|-heal|p1a: Enamorus|88/100|[from] item: Leftovers\n|upkeep\n|-start|p2a: Drifblim-Hell|typechange|Steel|[silent]\n|turn|22\n|\n|t:|1764034394\n|move|p1a: Enamorus|Calm Mind|p1a: Enamorus\n|-boost|p1a: Enamorus|spa|1\n|-boost|p1a: Enamorus|spd|1\n|move|p2a: Drifblim-Hell|Strength Sap|p1a: Enamorus\n|-unboost|p1a: Enamorus|atk|1\n|-heal|p2a: Drifblim-Hell|94/100\n|\n|-heal|p1a: Enamorus|94/100|[from] item: Leftovers\n|upkeep\n|turn|23\n|\n|t:|1764034398\n|move|p1a: Enamorus|Calm Mind|p1a: Enamorus\n|-boost|p1a: Enamorus|spa|1\n|-boost|p1a: Enamorus|spd|1\n|move|p2a: Drifblim-Hell|Scald|p1a: Enamorus\n|-damage|p1a: Enamorus|79/100\n|-status|p1a: Enamorus|brn\n|\n|-heal|p1a: Enamorus|86/100 brn|[from] item: Leftovers\n|-damage|p1a: Enamorus|79/100 brn|[from] brn\n|upkeep\n|turn|24\n|\n|t:|1764034402\n|move|p1a: Enamorus|Moonblast|p2a: Drifblim-Hell\n|-resisted|p2a: Drifblim-Hell\n|-damage|p2a: Drifblim-Hell|43/100\n|move|p2a: Drifblim-Hell|Mirror Coat|p1a: Enamorus\n|-damage|p1a: Enamorus|0 fnt\n|faint|p1a: Enamorus\n|\n|upkeep\n|\n|t:|1764034407\n|switch|p1a: Iron Spike|Iron Spike, M|83/100\n|-damage|p1a: Iron Spike|77/100|[from] Stealth Rock\n|-damage|p1a: Iron Spike|65/100|[from] Spikes\n|turn|25\n|\n|t:|1764034411\n|move|p1a: Iron Spike|Scald|p2a: Drifblim-Hell\n|-damage|p2a: Drifblim-Hell|22/100\n|-status|p2a: Drifblim-Hell|brn\n|move|p2a: Drifblim-Hell|Reflect Type|p1a: Iron Spike\n|-start|p2a: Drifblim-Hell|typechange|[from] move: Reflect Type|[of] p1a: Iron Spike\n|\n|-damage|p2a: Drifblim-Hell|16/100 brn|[from] brn\n|upkeep\n|-start|p2a: Drifblim-Hell|typechange|Water/Steel|[silent]\n|turn|26\n|\n|t:|1764034418\n|-end|p1a: Iron Spike|Quark Drive|[silent]\n|switch|p1a: Wormadam-Pixie-Dus|Wormadam-Pixie-Dust, F, shiny|39/100 par\n|-damage|p1a: Wormadam-Pixie-Dus|14/100 par|[from] Stealth Rock\n|-damage|p1a: Wormadam-Pixie-Dus|2/100 par|[from] Spikes\n|move|p2a: Drifblim-Hell|Strength Sap|p1a: Wormadam-Pixie-Dus\n|-unboost|p1a: Wormadam-Pixie-Dus|atk|1\n|-heal|p2a: Drifblim-Hell|41/100 brn\n|\n|-damage|p2a: Drifblim-Hell|35/100 brn|[from] brn\n|upkeep\n|turn|27\n|\n|t:|1764034425\n|move|p2a: Drifblim-Hell|Scald|p1a: Wormadam-Pixie-Dus\n|-damage|p1a: Wormadam-Pixie-Dus|0 fnt\n|faint|p1a: Wormadam-Pixie-Dus\n|\n|-damage|p2a: Drifblim-Hell|29/100 brn|[from] brn\n|upkeep\n|\n|t:|1764034427\n|switch|p1a: Flygon|Flygon, F, shiny|100/100\n|-damage|p1a: Flygon|94/100|[from] Stealth Rock\n|turn|28\n|\n|t:|1764034429\n|detailschange|p1a: Flygon|Flygon-Mega-A, F, shiny\n|-mega|p1a: Flygon|Flygon|Flygonite A\n|move|p1a: Flygon|Thunder Punch|p2a: Drifblim-Hell\n|-supereffective|p2a: Drifblim-Hell\n|-damage|p2a: Drifblim-Hell|0 fnt\n|faint|p2a: Drifblim-Hell\n|detailschange|p2: Drifblim-Hell|Drifblim-Hell, M|[silent]\n|\n|-ability|p1a: Flygon|Speed Boost|boost\n|-boost|p1a: Flygon|spe|1\n|upkeep\n|\n|t:|1764034438\n|switch|p2a: Iron Boulder|Iron Boulder|100/100\n|-activate|p2a: Iron Boulder|move: Sticky Web\n|-unboost|p2a: Iron Boulder|spe|1\n|-damage|p2a: Iron Boulder|88/100|[from] Stealth Rock\n|-enditem|p2a: Iron Boulder|Booster Energy\n|-activate|p2a: Iron Boulder|ability: Quark Drive|[fromitem]\n|-start|p2a: Iron Boulder|quarkdriveatk\n|turn|29\n|c|☆chub hub|fuck me\n|\n|t:|1764034455\n|-terastallize|p2a: Iron Boulder|Fighting\n|move|p1a: Flygon|Outrage|p2a: Iron Boulder\n|-damage|p2a: Iron Boulder|5/100\n|move|p2a: Iron Boulder|Mighty Cleave|p1a: Flygon\n|-supereffective|p1a: Flygon\n|-damage|p1a: Flygon|0 fnt\n|faint|p1a: Flygon\n|detailschange|p1: Flygon|Flygon, F, shiny|[silent]\n|\n|upkeep\n|c|☆ayoitslux|welp\n|c|☆ayoitslux|unfort\n|\n|t:|1764034465\n|switch|p1a: Iron Spike|Iron Spike, M|65/100\n|-damage|p1a: Iron Spike|59/100|[from] Stealth Rock\n|-damage|p1a: Iron Spike|46/100|[from] Spikes\n|turn|30\n|\n|t:|1764034468\n|move|p1a: Iron Spike|Scald|p2a: Iron Boulder\n|-damage|p2a: Iron Boulder|0 fnt\n|faint|p2a: Iron Boulder\n|-end|p2a: Iron Boulder|Quark Drive|[silent]\n|\n|upkeep\n|\n|t:|1764034472\n|switch|p2a: Scream Tail|Scream Tail, shiny|100/100\n|-activate|p2a: Scream Tail|move: Sticky Web\n|-unboost|p2a: Scream Tail|spe|1\n|-damage|p2a: Scream Tail|88/100|[from] Stealth Rock\n|turn|31\n|\n|t:|1764034476\n|move|p1a: Iron Spike|Calm Mind|p1a: Iron Spike\n|-boost|p1a: Iron Spike|spa|1\n|-boost|p1a: Iron Spike|spd|1\n|move|p2a: Scream Tail|Thunder Wave|p1a: Iron Spike|[miss]\n|-miss|p2a: Scream Tail|p1a: Iron Spike\n|\n|-heal|p2a: Scream Tail|94/100|[from] item: Leftovers\n|upkeep\n|turn|32\n|\n|t:|1764034479\n|move|p1a: Iron Spike|Flash Cannon|p2a: Scream Tail\n|-supereffective|p2a: Scream Tail\n|-damage|p2a: Scream Tail|32/100\n|move|p2a: Scream Tail|Thunder Wave|p1a: Iron Spike\n|-status|p1a: Iron Spike|par\n|\n|-heal|p2a: Scream Tail|38/100|[from] item: Leftovers\n|upkeep\n|turn|33\n|\n|t:|1764034483\n|move|p2a: Scream Tail|Psyshock|p1a: Iron Spike\n|-resisted|p1a: Iron Spike\n|-damage|p1a: Iron Spike|38/100 par\n|move|p1a: Iron Spike|Flash Cannon|p2a: Scream Tail\n|-supereffective|p2a: Scream Tail\n|-damage|p2a: Scream Tail|0 fnt\n|faint|p2a: Scream Tail\n|-end|p2a: Scream Tail|Protosynthesis|[silent]\n|\n|upkeep\n|\n|t:|1764034486\n|switch|p2a: Iron Saw|Iron Saw, M|39/100\n|-activate|p2a: Iron Saw|move: Sticky Web\n|-unboost|p2a: Iron Saw|spe|1\n|-damage|p2a: Iron Saw|33/100|[from] Stealth Rock\n|turn|34\n|\n|t:|1764034488\n|move|p2a: Iron Saw|Wild Charge|p1a: Iron Spike\n|-supereffective|p1a: Iron Spike\n|-damage|p1a: Iron Spike|0 fnt\n|faint|p1a: Iron Spike\n|-end|p1a: Iron Spike|Quark Drive|[silent]\n|-damage|p2a: Iron Saw|21/100|[from] Recoil\n|\n|win|chub hub\n|c|☆ayoitslux|yep gg\n|c|☆chub hub|gg man \n|c|☆chub hub|close one \n","players":["ayoitslux","chub hub"],"format":"[Gen 9] NatDex Draft","rating":null,"private":0,"password":null,"inputlog":">version 8a9d31cff1d14ee6b7aa1086104a557c7920492c\n>start {\"formatid\":\"gen9natdexdraft@@@Tera Type Preview\",\"seed\":\"sodium,0bd538763ba9af7a3ac1df2ff1b52953\"}\n>player p1 {\"name\":\"ayoitslux\",\"avatar\":\"169\",\"team\":\"Wormadam-Pixie-Dus|WormadamPixieDust|Eviolite|Overcoat|StickyWeb,StealthRock,Moonblast,Endeavor|Bold|252,,252,,4,|F|,0,,,,|S||,,,,,Bug]Marshydow||AssaultVest|Technician|SpectralThief,CloseCombat,ShadowSneak,ZenHeadbutt|Jolly|,252,,,8,248|F||||,,,,,Ghost]Iron Spike||ChopleBerry|QuarkDrive|Scald,FlashCannon,Moonblast,CalmMind|Modest|252,,,48,,208|M|,0,,,,|||,,,,,Water]Iron Moth||BoosterEnergy|QuarkDrive|FieryDance,SludgeWave,EnergyBall,MorningSun|Timid|,,124,132,,252|N|,0,,,,|||,,,,,Fire]Enamorus||Leftovers|CuteCharm|Moonblast,EarthPower,Psychic,CalmMind|Timid|,,72,252,,184|F|,0,,,,|||,,,,,Steel]Flygon||FlygoniteA|Levitate|Outrage,Earthquake,ThunderPunch,DragonDance|Jolly|104,252,,,,152|F||S||,,,,,Ground\",\"rating\":0}\n>player p2 {\"name\":\"chub hub\",\"avatar\":\"169\",\"team\":\"Scream Tail||Leftovers|Protosynthesis|ThunderWave,DazzlingGleam,Psyshock,StealthRock|Bold|248,,252,8,,|N|,0,,,,|S||,,,,,Fairy]Mamoswine||ExpertBelt|ThickFat|IceShard,Earthquake,IcicleCrash,Trailblaze|Adamant|8,252,16,,20,212|F||S||,,,,,Ice]Drifblim-Hell||DrifblimiteHell|PoisonPoint|Scald,MirrorCoat,StrengthSap,ReflectType|Calm|,,4,252,252,|M|,0,,,,|||,,,,,Water]Overqwil||BlackSludge|Intimidate|Crunch,GunkShot,Liquidation,Spikes|Careful|248,8,,,252,|M||||,,,,,Dark]Iron Saw||ChoiceScarf|QuarkDrive|Uturn,WildCharge,PlayRough,RapidSpin|Adamant|72,252,24,4,32,124|M||||,,,,,Electric]Iron Boulder||BoosterEnergy|QuarkDrive|SwordsDance,MightyCleave,CloseCombat,Earthquake|Jolly|16,252,16,,,224|N||||,Fighting,,,,Fighting\",\"rating\":0}\n>chat ☆ayoitslux|glhf\n>chat ☆chub hub|hf famly\n>p1 team 1, 2, 3, 4, 5, 6\n>p2 team 1, 2, 3, 4, 5, 6\n>p1 move stickyweb\n>p2 move stealthrock\n>p1 move stealthrock\n>p2 move thunderwave\n>p1 move moonblast\n>p2 switch 5\n>p1 switch 2\n>p2 move playrough\n>p1 move closecombat\n>p2 switch 4\n>p1 switch 3\n>p2 move spikes\n>p1 move calmmind\n>p2 switch 4\n>p1 move scald\n>p2 move uturn\n>p2 switch 3\n>p1 switch 2\n>p2 move reflecttype mega\n>p1 move endeavor\n>p2 move strengthsap\n>p1 move endeavor\n>p2 move strengthsap\n>p1 move endeavor\n>p2 move scald\n>p1 move endeavor\n>p2 switch 3\n>p1 switch 3\n>p2 move rapidspin\n>p1 move closecombat\n>p2 switch 4\n>p1 move closecombat\n>p2 move spikes\n>p2 switch 2\n>p1 move shadowsneak\n>p2 move iceshard\n>p1 switch 4\n>p1 move energyball\n>p2 move earthquake\n>p2 switch 3\n>p1 move energyball\n>p2 move scald\n>p1 switch 5\n>p1 move calmmind terastallize\n>p2 move strengthsap\n>p1 move calmmind\n>p2 move reflecttype\n>p1 move calmmind\n>p2 move strengthsap\n>p1 move calmmind\n>p2 move scald\n>p1 move moonblast\n>p2 move mirrorcoat\n>p1 switch 2\n>p1 move scald\n>p2 move reflecttype\n>p1 switch 3\n>p2 move strengthsap\n>p1 move moonblast\n>p2 move scald\n>p1 switch 6\n>p1 move thunderpunch mega\n>p2 move scald\n>p2 switch 6\n>chat ☆chub hub|fuck me\n>p1 move outrage\n>p2 move mightycleave terastallize\n>chat ☆ayoitslux|welp\n>chat ☆ayoitslux|unfort\n>p1 switch 3\n>p1 move scald\n>p2 move closecombat\n>p2 switch 5\n>p1 move calmmind\n>p2 move thunderwave\n>p1 move flashcannon\n>p2 move thunderwave\n>p1 move flashcannon\n>p2 move psyshock\n>p2 switch 4\n>p1 move scald\n>p2 move wildcharge","uploadtime":1764034504}