{"id":"gen9natdexdraft-97","log":"|j|☆gyrejcnsakd\n|j|☆FrogadierDucklett\n|t:|1760831966\n|gametype|singles\n|player|p1|gyrejcnsakd|265|\n|player|p2|FrogadierDucklett|1|\n|gen|9\n|tier|[Gen 9] NatDex Draft\n|rule|Tera Type Preview: Tera Types are shown at Team Preview\n|rule|Sleep Clause Mod: Limit one foe put to sleep\n|rule|OHKO Clause: OHKO moves are banned\n|rule|Evasion Clause: Evasion abilities, items, and moves are banned\n|rule|Evasion Abilities Clause: Evasion abilities are banned\n|rule|Evasion Items Clause: Evasion items are banned\n|rule|Evasion Moves Clause: Evasion moves are banned\n|rule|Endless Battle Clause: Forcing endless battles is banned\n|rule|HP Percentage Mod: HP is shown in percentages\n|raw|<div class=\"infobox\"><details class=\"readmore\" open><summary><strong>1 custom rule:</strong></summary> Tera Type Preview</details></div>\n|clearpoke\n|poke|p1|Blaziken-Prime, M|\n|poke|p1|Venusaur-Prime, M|\n|poke|p1|Walking Wake|\n|poke|p1|Ninetales, M|\n|poke|p1|Brute Bonnet|\n|poke|p1|Garganacl, M|\n|poke|p2|Charizard-Prime, F|\n|poke|p2|Deoxys-Speed|\n|poke|p2|Hydrapple, M|\n|poke|p2|Swampert-Prime, F|\n|poke|p2|Kommo-o, F|\n|poke|p2|Iron Treads|\n|raw|gyrejcnsakd's Tera Types:<br /><psicon pokemon=\"blazikenprime\" /><psicon type=\"Fire\" /> / <psicon pokemon=\"venusaurprime\" /><psicon type=\"Grass\" /> / <psicon pokemon=\"walkingwake\" /><psicon type=\"Water\" /> / <psicon pokemon=\"ninetales\" /><psicon type=\"Fire\" /> / <psicon pokemon=\"brutebonnet\" /><psicon type=\"Grass\" /> / <psicon pokemon=\"garganacl\" /><psicon type=\"Ghost\" />\n|raw|FrogadierDucklett's Tera Types:<br /><psicon pokemon=\"charizardprime\" /><psicon type=\"Fire\" /> / <psicon pokemon=\"deoxysspeed\" /><psicon type=\"Psychic\" /> / <psicon pokemon=\"hydrapple\" /><psicon type=\"Fire\" /> / <psicon pokemon=\"swampertprime\" /><psicon type=\"Water\" /> / <psicon pokemon=\"kommoo\" /><psicon type=\"Fairy\" /> / <psicon pokemon=\"irontreads\" /><psicon type=\"Ground\" />\n|teampreview\n|c|☆gyrejcnsakd|glhf :)\n|c|☆FrogadierDucklett|glhf!\n|\n|t:|1760832008\n|teamsize|p1|6\n|teamsize|p2|6\n|start\n|switch|p1a: Garganacl|Garganacl, M|100/100\n|switch|p2a: Deoxys|Deoxys-Speed|100/100\n|-ability|p2a: Deoxys|Pressure\n|turn|1\n|\n|t:|1760832018\n|move|p2a: Deoxys|Spikes|p1a: Garganacl\n|-sidestart|p1: gyrejcnsakd|Spikes\n|move|p1a: Garganacl|Salt Cure|p2a: Deoxys\n|-damage|p2a: Deoxys|84/100\n|-start|p2a: Deoxys|Salt Cure\n|\n|-heal|p2a: Deoxys|90/100|[from] item: Leftovers\n|-damage|p2a: Deoxys|77/100|[from] Salt Cure\n|upkeep\n|turn|2\n|\n|t:|1760832026\n|switch|p2a: Hydrapple|Hydrapple, M|100/100\n|move|p1a: Garganacl|Stealth Rock|p2a: Hydrapple\n|-sidestart|p2: FrogadierDucklett|move: Stealth Rock\n|\n|upkeep\n|turn|3\n|\n|t:|1760832037\n|switch|p1a: Ninetales|Ninetales, M|100/100\n|-damage|p1a: Ninetales|88/100|[from] Spikes\n|-weather|SunnyDay|[from] ability: Drought|[of] p1a: Ninetales\n|move|p2a: Hydrapple|Substitute|p2a: Hydrapple\n|-start|p2a: Hydrapple|Substitute\n|-damage|p2a: Hydrapple|75/100\n|\n|-weather|SunnyDay|[upkeep]\n|upkeep\n|turn|4\n|\n|t:|1760832047\n|move|p1a: Ninetales|Flamethrower|p2a: Hydrapple\n|-end|p2a: Hydrapple|Substitute\n|move|p2a: Hydrapple|Earth Power|p1a: Ninetales\n|-supereffective|p1a: Ninetales\n|-damage|p1a: Ninetales|15/100\n|-unboost|p1a: Ninetales|spd|1\n|\n|-weather|SunnyDay|[upkeep]\n|upkeep\n|turn|5\n|\n|t:|1760832066\n|switch|p2a: Swampert-Prime|Swampert-Prime, F|100/100\n|-damage|p2a: Swampert-Prime|94/100|[from] Stealth Rock\n|move|p1a: Ninetales|Flamethrower|p2a: Swampert-Prime\n|-resisted|p2a: Swampert-Prime\n|-damage|p2a: Swampert-Prime|76/100\n|\n|-weather|SunnyDay|[upkeep]\n|upkeep\n|turn|6\n|\n|t:|1760832075\n|switch|p2a: Iron Treads|Iron Treads|100/100\n|-damage|p2a: Iron Treads|97/100|[from] Stealth Rock\n|move|p1a: Ninetales|Energy Ball|p2a: Iron Treads\n|-damage|p2a: Iron Treads|67/100\n|\n|-weather|SunnyDay|[upkeep]\n|upkeep\n|turn|7\n|\n|t:|1760832087\n|move|p2a: Iron Treads|Rapid Spin|p1a: Ninetales\n|-damage|p1a: Ninetales|0 fnt\n|-boost|p2a: Iron Treads|spe|1\n|-sideend|p2: FrogadierDucklett|Stealth Rock|[from] move: Rapid Spin|[of] p2a: Iron Treads\n|faint|p1a: Ninetales\n|\n|-weather|SunnyDay|[upkeep]\n|upkeep\n|\n|t:|1760832098\n|switch|p1a: Garganacl|Garganacl, M|100/100\n|-damage|p1a: Garganacl|88/100|[from] Spikes\n|turn|8\n|\n|t:|1760832115\n|-terastallize|p1a: Garganacl|Ghost\n|move|p2a: Iron Treads|Earthquake|p1a: Garganacl\n|-damage|p1a: Garganacl|57/100\n|move|p1a: Garganacl|Salt Cure|p2a: Iron Treads\n|-resisted|p2a: Iron Treads\n|-damage|p2a: Iron Treads|65/100\n|-start|p2a: Iron Treads|Salt Cure\n|\n|-weather|SunnyDay|[upkeep]\n|-heal|p1a: Garganacl|63/100|[from] item: Leftovers\n|-damage|p2a: Iron Treads|40/100|[from] Salt Cure\n|upkeep\n|turn|9\n|\n|t:|1760832127\n|move|p2a: Iron Treads|Stealth Rock|p1a: Garganacl\n|-sidestart|p1: gyrejcnsakd|move: Stealth Rock\n|move|p1a: Garganacl|Recover|p1a: Garganacl\n|-heal|p1a: Garganacl|100/100\n|\n|-weather|SunnyDay|[upkeep]\n|-damage|p2a: Iron Treads|15/100|[from] Salt Cure\n|upkeep\n|turn|10\n|\n|t:|1760832136\n|-end|p2a: Iron Treads|Quark Drive|[silent]\n|switch|p2a: Hydrapple|Hydrapple, M|100/100\n|move|p1a: Garganacl|Stealth Rock|p2a: Hydrapple\n|-sidestart|p2: FrogadierDucklett|move: Stealth Rock\n|\n|-weather|none\n|upkeep\n|turn|11\n|\n|t:|1760832143\n|move|p2a: Hydrapple|Substitute|p2a: Hydrapple\n|-start|p2a: Hydrapple|Substitute\n|-damage|p2a: Hydrapple|75/100\n|move|p1a: Garganacl|Salt Cure|p2a: Hydrapple\n|-activate|p2a: Hydrapple|move: Substitute|[damage]\n|\n|upkeep\n|turn|12\n|j|~SparksTheNeo\n|\n|t:|1760832167\n|switch|p1a: Brute Bonnet|Brute Bonnet|100/100\n|-damage|p1a: Brute Bonnet|88/100|[from] Spikes\n|-damage|p1a: Brute Bonnet|76/100|[from] Stealth Rock\n|move|p2a: Hydrapple|Fickle Beam|p1a: Brute Bonnet\n|-damage|p1a: Brute Bonnet|39/100\n|\n|upkeep\n|turn|13\n|\n|t:|1760832181\n|move|p1a: Brute Bonnet|Clear Smog|p2a: Hydrapple\n|-supereffective|p2a: Hydrapple\n|-end|p2a: Hydrapple|Substitute\n|move|p2a: Hydrapple|Fickle Beam|p1a: Brute Bonnet|[anim] Fickle Beam All Out\n|-activate|p2a: Hydrapple|move: Fickle Beam\n|-damage|p1a: Brute Bonnet|0 fnt\n|faint|p1a: Brute Bonnet\n|-end|p1a: Brute Bonnet|Protosynthesis|[silent]\n|\n|upkeep\n|\n|t:|1760832199\n|switch|p1a: Walking Wake|Walking Wake|100/100\n|-damage|p1a: Walking Wake|88/100|[from] Spikes\n|-damage|p1a: Walking Wake|76/100|[from] Stealth Rock\n|-enditem|p1a: Walking Wake|Booster Energy\n|-activate|p1a: Walking Wake|ability: Protosynthesis|[fromitem]\n|-start|p1a: Walking Wake|protosynthesisspe\n|turn|14\n|\n|t:|1760832210\n|switch|p2a: Iron Treads|Iron Treads|15/100\n|-damage|p2a: Iron Treads|12/100|[from] Stealth Rock\n|move|p1a: Walking Wake|Dragon Pulse|p2a: Iron Treads\n|-resisted|p2a: Iron Treads\n|-damage|p2a: Iron Treads|0 fnt\n|faint|p2a: Iron Treads\n|-end|p2a: Iron Treads|Quark Drive|[silent]\n|\n|upkeep\n|\n|t:|1760832224\n|switch|p2a: Charizard-Prime|Charizard-Prime, F|100/100\n|-damage|p2a: Charizard-Prime|51/100|[from] Stealth Rock\n|turn|15\n|\n|t:|1760832268\n|switch|p2a: Hydrapple|Hydrapple, M|100/100\n|-damage|p2a: Hydrapple|88/100|[from] Stealth Rock\n|move|p1a: Walking Wake|Hydro Steam|p2a: Hydrapple\n|-resisted|p2a: Hydrapple\n|-damage|p2a: Hydrapple|78/100\n|\n|upkeep\n|turn|16\n|\n|t:|1760832280\n|-terastallize|p2a: Hydrapple|Fire\n|move|p1a: Walking Wake|Dragon Pulse|p2a: Hydrapple\n|-crit|p2a: Hydrapple\n|-damage|p2a: Hydrapple|18/100\n|move|p2a: Hydrapple|Fickle Beam|p1a: Walking Wake\n|-supereffective|p1a: Walking Wake\n|-damage|p1a: Walking Wake|0 fnt\n|faint|p1a: Walking Wake\n|-end|p1a: Walking Wake|Protosynthesis|[silent]\n|\n|upkeep\n|\n|t:|1760832294\n|switch|p1a: Garganacl|Garganacl, M, tera:Ghost|100/100\n|-damage|p1a: Garganacl|88/100|[from] Spikes\n|-damage|p1a: Garganacl|76/100|[from] Stealth Rock\n|turn|17\n|\n|t:|1760832302\n|move|p2a: Hydrapple|Fickle Beam|p1a: Garganacl\n|-damage|p1a: Garganacl|44/100\n|move|p1a: Garganacl|Salt Cure|p2a: Hydrapple\n|-supereffective|p2a: Hydrapple\n|-crit|p2a: Hydrapple\n|-damage|p2a: Hydrapple|0 fnt\n|faint|p2a: Hydrapple\n|\n|-heal|p1a: Garganacl|50/100|[from] item: Leftovers\n|upkeep\n|\n|t:|1760832317\n|switch|p2a: Charizard-Prime|Charizard-Prime, F|51/100\n|-damage|p2a: Charizard-Prime|1/100|[from] Stealth Rock\n|turn|18\n|\n|t:|1760832324\n|move|p2a: Charizard-Prime|Aeroblast|p1a: Garganacl|[miss]\n|-miss|p2a: Charizard-Prime|p1a: Garganacl\n|move|p1a: Garganacl|Recover|p1a: Garganacl\n|-heal|p1a: Garganacl|99/100\n|\n|-heal|p1a: Garganacl|100/100|[from] item: Leftovers\n|upkeep\n|turn|19\n|c|~SparksTheNeo|oof\n|\n|t:|1760832335\n|move|p2a: Charizard-Prime|Aeroblast|p1a: Garganacl\n|-crit|p1a: Garganacl\n|-damage|p1a: Garganacl|14/100\n|move|p1a: Garganacl|Salt Cure|p2a: Charizard-Prime\n|-supereffective|p2a: Charizard-Prime\n|-damage|p2a: Charizard-Prime|0 fnt\n|faint|p2a: Charizard-Prime\n|\n|-heal|p1a: Garganacl|20/100|[from] item: Leftovers\n|upkeep\n|c|☆gyrejcnsakd|so many crits this game\n|\n|t:|1760832401\n|switch|p2a: Swampert-Prime|Swampert-Prime, F|100/100\n|-damage|p2a: Swampert-Prime|94/100|[from] Stealth Rock\n|turn|20\n|\n|t:|1760832407\n|move|p2a: Swampert-Prime|Knock Off|p1a: Garganacl\n|-supereffective|p1a: Garganacl\n|-damage|p1a: Garganacl|0 fnt\n|-enditem|p1a: Garganacl|Leftovers|[from] move: Knock Off|[of] p2a: Swampert-Prime\n|faint|p1a: Garganacl\n|\n|upkeep\n|\n|t:|1760832414\n|switch|p1a: Venusaur-Prime|Venusaur-Prime, M|100/100\n|-damage|p1a: Venusaur-Prime|88/100|[from] Spikes\n|-damage|p1a: Venusaur-Prime|76/100|[from] Stealth Rock\n|turn|21\n|\n|t:|1760832431\n|move|p1a: Venusaur-Prime|Sleep Powder|p2a: Swampert-Prime\n|-status|p2a: Swampert-Prime|slp|[from] move: Sleep Powder\n|cant|p2a: Swampert-Prime|slp\n|\n|upkeep\n|turn|22\n|\n|t:|1760832440\n|switch|p2a: Deoxys|Deoxys-Speed|77/100\n|-damage|p2a: Deoxys|65/100|[from] Stealth Rock\n|-ability|p2a: Deoxys|Pressure\n|move|p1a: Venusaur-Prime|Matcha Gotcha|p2a: Deoxys\n|-damage|p2a: Deoxys|29/100\n|-heal|p1a: Venusaur-Prime|92/100|[from] drain|[of] p2a: Deoxys\n|\n|-heal|p2a: Deoxys|36/100|[from] item: Leftovers\n|upkeep\n|turn|23\n|\n|t:|1760832460\n|move|p2a: Deoxys|Recover|p2a: Deoxys\n|-heal|p2a: Deoxys|86/100\n|move|p1a: Venusaur-Prime|Matcha Gotcha|p2a: Deoxys\n|-damage|p2a: Deoxys|54/100\n|-heal|p1a: Venusaur-Prime|100/100|[from] drain|[of] p2a: Deoxys\n|\n|-heal|p2a: Deoxys|60/100|[from] item: Leftovers\n|upkeep\n|turn|24\n|\n|t:|1760832471\n|move|p2a: Deoxys|Thunder Wave|p1a: Venusaur-Prime\n|-status|p1a: Venusaur-Prime|par\n|move|p1a: Venusaur-Prime|Leech Seed|p2a: Deoxys\n|-start|p2a: Deoxys|move: Leech Seed\n|\n|-heal|p2a: Deoxys|67/100|[from] item: Leftovers\n|-damage|p2a: Deoxys|54/100|[from] Leech Seed|[of] p1a: Venusaur-Prime\n|upkeep\n|turn|25\n|\n|t:|1760832479\n|move|p2a: Deoxys|Knock Off|p1a: Venusaur-Prime\n|-damage|p1a: Venusaur-Prime|82/100 par\n|-enditem|p1a: Venusaur-Prime|Wide Lens|[from] move: Knock Off|[of] p2a: Deoxys\n|cant|p1a: Venusaur-Prime|par\n|\n|-heal|p2a: Deoxys|60/100|[from] item: Leftovers\n|-damage|p2a: Deoxys|48/100|[from] Leech Seed|[of] p1a: Venusaur-Prime\n|-heal|p1a: Venusaur-Prime|93/100 par|[silent]\n|upkeep\n|turn|26\n|\n|t:|1760832487\n|move|p2a: Deoxys|Recover|p2a: Deoxys\n|-heal|p2a: Deoxys|98/100\n|move|p1a: Venusaur-Prime|Matcha Gotcha|p2a: Deoxys\n|-damage|p2a: Deoxys|65/100\n|-heal|p1a: Venusaur-Prime|100/100 par|[from] drain|[of] p2a: Deoxys\n|\n|-heal|p2a: Deoxys|72/100|[from] item: Leftovers\n|-damage|p2a: Deoxys|59/100|[from] Leech Seed|[of] p1a: Venusaur-Prime\n|upkeep\n|turn|27\n|c|~SparksTheNeo|imagine psycho boost\n|\n|t:|1760832500\n|switch|p2a: Kommo-o|Kommo-o, F|100/100\n|-damage|p2a: Kommo-o|94/100|[from] Stealth Rock\n|move|p1a: Venusaur-Prime|Knock Off|p2a: Kommo-o\n|-resisted|p2a: Kommo-o\n|-crit|p2a: Kommo-o\n|-damage|p2a: Kommo-o|81/100\n|-enditem|p2a: Kommo-o|Assault Vest|[from] move: Knock Off|[of] p1a: Venusaur-Prime\n|\n|upkeep\n|turn|28\n|\n|t:|1760832510\n|move|p2a: Kommo-o|Fire Punch|p1a: Venusaur-Prime\n|-supereffective|p1a: Venusaur-Prime\n|-damage|p1a: Venusaur-Prime|62/100 par\n|move|p1a: Venusaur-Prime|Leech Seed|p2a: Kommo-o\n|-start|p2a: Kommo-o|move: Leech Seed\n|\n|-damage|p2a: Kommo-o|69/100|[from] Leech Seed|[of] p1a: Venusaur-Prime\n|-heal|p1a: Venusaur-Prime|74/100 par|[silent]\n|upkeep\n|turn|29\n|\n|t:|1760832527\n|switch|p2a: Deoxys|Deoxys-Speed|59/100\n|-damage|p2a: Deoxys|47/100|[from] Stealth Rock\n|-ability|p2a: Deoxys|Pressure\n|move|p1a: Venusaur-Prime|Matcha Gotcha|p2a: Deoxys\n|-damage|p2a: Deoxys|14/100\n|-heal|p1a: Venusaur-Prime|88/100 par|[from] drain|[of] p2a: Deoxys\n|\n|-heal|p2a: Deoxys|20/100|[from] item: Leftovers\n|upkeep\n|turn|30\n|\n|t:|1760832546\n|switch|p1a: Blaziken-Prime|Blaziken-Prime, M|100/100\n|-damage|p1a: Blaziken-Prime|88/100|[from] Spikes\n|-damage|p1a: Blaziken-Prime|76/100|[from] Stealth Rock\n|move|p2a: Deoxys|Recover|p2a: Deoxys\n|-heal|p2a: Deoxys|70/100\n|\n|-heal|p2a: Deoxys|76/100|[from] item: Leftovers\n|upkeep\n|turn|31\n|\n|t:|1760832559\n|move|p1a: Blaziken-Prime|Burning Bulwark|p1a: Blaziken-Prime\n|-singleturn|p1a: Blaziken-Prime|move: Protect\n|move|p2a: Deoxys|Thunder Wave|p1a: Blaziken-Prime\n|-status|p1a: Blaziken-Prime|par\n|\n|-heal|p2a: Deoxys|83/100|[from] item: Leftovers\n|-ability|p1a: Blaziken-Prime|Speed Boost|boost\n|-boost|p1a: Blaziken-Prime|spe|1\n|upkeep\n|turn|32\n|c|☆FrogadierDucklett|imagine psynoise!!\n|\n|t:|1760832582\n|switch|p2a: Swampert-Prime|Swampert-Prime, F|100/100 slp\n|-damage|p2a: Swampert-Prime|94/100 slp|[from] Stealth Rock\n|cant|p1a: Blaziken-Prime|par\n|\n|-ability|p1a: Blaziken-Prime|Speed Boost|boost\n|-boost|p1a: Blaziken-Prime|spe|1\n|upkeep\n|turn|33\n|\n|t:|1760832598\n|move|p1a: Blaziken-Prime|Thunderous Kick|p2a: Swampert-Prime\n|-damage|p2a: Swampert-Prime|55/100 slp\n|-unboost|p2a: Swampert-Prime|def|1\n|-curestatus|p2a: Swampert-Prime|slp|[msg]\n|move|p2a: Swampert-Prime|Precipice Blades|p1a: Blaziken-Prime\n|-supereffective|p1a: Blaziken-Prime\n|-damage|p1a: Blaziken-Prime|0 fnt\n|faint|p1a: Blaziken-Prime\n|\n|upkeep\n|\n|t:|1760832607\n|switch|p1a: Venusaur-Prime|Venusaur-Prime, M|88/100 par\n|-damage|p1a: Venusaur-Prime|76/100 par|[from] Spikes\n|-damage|p1a: Venusaur-Prime|64/100 par|[from] Stealth Rock\n|turn|34\n|\n|t:|1760832615\n|move|p2a: Swampert-Prime|Precipice Blades|p1a: Venusaur-Prime\n|-damage|p1a: Venusaur-Prime|29/100 par\n|move|p1a: Venusaur-Prime|Matcha Gotcha|p2a: Swampert-Prime\n|-supereffective|p2a: Swampert-Prime\n|-enditem|p2a: Swampert-Prime|Rindo Berry|[eat]\n|-enditem|p2a: Swampert-Prime|Rindo Berry|[weaken]\n|-damage|p2a: Swampert-Prime|0 fnt\n|-heal|p1a: Venusaur-Prime|62/100 par|[from] drain|[of] p2a: Swampert-Prime\n|faint|p2a: Swampert-Prime\n|\n|upkeep\n|c|☆FrogadierDucklett|buffed prime swampert lives trust\n|\n|t:|1760832634\n|switch|p2a: Kommo-o|Kommo-o, F|69/100\n|-damage|p2a: Kommo-o|63/100|[from] Stealth Rock\n|turn|35\n|\n|t:|1760832641\n|move|p2a: Kommo-o|Fire Punch|p1a: Venusaur-Prime\n|-supereffective|p1a: Venusaur-Prime\n|-damage|p1a: Venusaur-Prime|26/100 par\n|move|p1a: Venusaur-Prime|Sleep Powder|p2a: Kommo-o|[miss]\n|-miss|p1a: Venusaur-Prime|p2a: Kommo-o\n|\n|upkeep\n|turn|36\n|c|☆gyrejcnsakd|gg\n|c|☆FrogadierDucklett|ggs\n|\n|t:|1760832650\n|move|p2a: Kommo-o|Fire Punch|p1a: Venusaur-Prime\n|-supereffective|p1a: Venusaur-Prime\n|-damage|p1a: Venusaur-Prime|0 fnt\n|faint|p1a: Venusaur-Prime\n|\n|win|FrogadierDucklett\n|c|~SparksTheNeo|gulp possibly\n","players":["gyrejcnsakd","FrogadierDucklett"],"format":"[Gen 9] NatDex Draft","rating":null,"private":0,"password":null,"inputlog":">version 266cd7969f11373d44307dd452d2e51e08c39070\n>start {\"formatid\":\"gen9natdexdraft@@@Tera Type Preview\",\"seed\":\"sodium,b2162fcf18b3276ee9ac8f3c01ef0947\"}\n>player p1 {\"name\":\"gyrejcnsakd\",\"avatar\":\"265\",\"team\":\"Blaziken-Prime||ExpertBelt|SpeedBoost|FlareBlitz,ThunderousKick,BraveBird,BurningBulwark|Adamant|,252,4,,,252|M||||,,,,,Fire]Venusaur-Prime||WideLens|Chlorophyll|SleepPowder,LeechSeed,KnockOff,MatchaGotcha|Bold|,,112,144,,252|M||||,,,,,Grass]Walking Wake||BoosterEnergy|Protosynthesis|DragonPulse,Flamethrower,HydroSteam,Scald|Timid|,,12,244,,252|N|,0,,,,|||,,,,,Water]Ninetales||HeatRock|Drought|EnergyBall,Flamethrower,FoulPlay,WillOWisp|Timid|,,136,120,,252|M|,0,,,,|||,,,,,Fire]Brute Bonnet||ChilanBerry|Protosynthesis|Crunch,SeedBomb,ZenHeadbutt,ClearSmog|Adamant|36,252,220,,,|N||||,,,,,Grass]Garganacl||Leftovers|PurifyingSalt|StealthRock,Curse,Recover,SaltCure|Sassy|252,,100,,156,|M||||,,,,,Ghost\",\"rating\":0}\n>player p2 {\"name\":\"FrogadierDucklett\",\"avatar\":\"1\",\"team\":\"Charizard-Prime||ChoiceSpecs|BeastBoost|Aeroblast,DragonPulse,Flamethrower,EarthPower|Timid|,,4,252,,252|F|,0,,,,|||,,,,,Fire]Deoxys|DeoxysSpeed|Leftovers|Pressure|Spikes,Recover,ThunderWave,KnockOff|Careful|252,,36,,180,40|N||||,,,,,Psychic]Hydrapple||CovertCloak|Regenerator|Substitute,TeraBlast,FickleBeam,EarthPower|Modest|252,,4,252,,|M||||,,,,,Fire]Swampert-Prime||RindoBerry|Regenerator|FlipTurn,PrecipiceBlades,KnockOff,StealthRock|Impish|252,,160,,96,|F||||,,,,,Water]Kommo-o||AssaultVest|Bulletproof|TeraBlast,DrainPunch,FirePunch,ScaleShot|Adamant|100,140,,,16,252|F||||,,,,,Fairy]Iron Treads||OccaBerry|QuarkDrive|RapidSpin,Earthquake,StealthRock,Sandstorm|Jolly|,252,4,,,252|N||||,,,,,Ground\",\"rating\":0}\n>chat ☆gyrejcnsakd|glhf :)\n>chat ☆FrogadierDucklett|glhf!\n>p1 team 6, 2, 3, 4, 5, 1\n>p2 team 2, 1, 3, 4, 5, 6\n>p1 move saltcure\n>p2 move spikes\n>p1 move stealthrock\n>p2 switch 3\n>p1 switch 4\n>p2 move substitute\n>p1 move flamethrower\n>p2 move earthpower\n>p1 move flamethrower\n>p2 switch 4\n>p1 move energyball\n>p2 switch 6\n>p1 move willowisp\n>p2 move rapidspin\n>p1 switch 4\n>p1 move saltcure terastallize\n>p2 move earthquake\n>p1 move recover\n>p2 move stealthrock\n>p1 move stealthrock\n>p2 switch 4\n>p1 move saltcure\n>p2 move substitute\n>p1 switch 5\n>p2 move ficklebeam\n>p1 move clearsmog\n>p2 move ficklebeam\n>p1 switch 3\n>p1 move dragonpulse\n>p2 switch 4\n>p2 switch 2\n>p1 move hydrosteam\n>p2 switch 4\n>p1 move dragonpulse\n>p2 move ficklebeam terastallize\n>p1 switch 5\n>p1 move saltcure\n>p2 move ficklebeam\n>p2 switch 4\n>p1 move recover\n>p2 move aeroblast\n>chat ~SparksTheNeo|oof\n>p1 move saltcure\n>p2 move aeroblast\n>chat ☆gyrejcnsakd|so many crits this game\n>p2 switch 6\n>p1 move recover\n>p2 move knockoff\n>p1 switch 2\n>p1 move sleeppowder\n>p2 move flipturn\n>p1 move matchagotcha\n>p2 switch 3\n>p1 move matchagotcha\n>p2 move recover\n>p1 move leechseed\n>p2 move thunderwave\n>p1 move matchagotcha\n>p2 move knockoff\n>p1 move matchagotcha\n>p2 move recover\n>chat ~SparksTheNeo|imagine psycho boost\n>p1 move knockoff\n>p2 switch 5\n>p1 move leechseed\n>p2 move firepunch\n>p1 move matchagotcha\n>p2 switch 5\n>p1 switch 6\n>p2 move recover\n>p1 move burningbulwark\n>p2 move thunderwave\n>chat ☆FrogadierDucklett|imagine psynoise!!\n>p1 move bravebird\n>p2 switch 3\n>p1 move thunderouskick\n>p2 move precipiceblades\n>p1 switch 6\n>p1 move matchagotcha\n>p2 move precipiceblades\n>chat ☆FrogadierDucklett|buffed prime swampert lives trust\n>p2 switch 5\n>p1 move sleeppowder\n>p2 move firepunch\n>chat ☆gyrejcnsakd|gg\n>chat ☆FrogadierDucklett|ggs\n>p1 move sleeppowder\n>p2 move firepunch","uploadtime":1760832673}