{"id":"gen9natdexdraft-509","log":"|j|☆GamerNotFound2025\n|j|☆ayoitslux\n|t:|1763840206\n|gametype|singles\n|player|p1|GamerNotFound2025|102|\n|player|p2|ayoitslux|101|\n|gen|9\n|tier|[Gen 9] NatDex Draft\n|rule|Tera Type Preview: Tera Types are shown at Team Preview\n|rule|Sleep Clause Mod: Limit one foe put to sleep\n|rule|OHKO Clause: OHKO moves are banned\n|rule|Evasion Clause: Evasion abilities, items, and moves are banned\n|rule|Evasion Abilities Clause: Evasion abilities are banned\n|rule|Evasion Items Clause: Evasion items are banned\n|rule|Evasion Moves Clause: Evasion moves are banned\n|rule|Endless Battle Clause: Forcing endless battles is banned\n|rule|HP Percentage Mod: HP is shown in percentages\n|raw|<div class=\"infobox\"><details class=\"readmore\" open><summary><strong>1 custom rule:</strong></summary> Tera Type Preview</details></div>\n|clearpoke\n|poke|p1|Regifly, F|\n|poke|p1|Toedscruel, M|\n|poke|p1|Reuniclus-Hell, F|\n|poke|p1|Roaring Moon|\n|poke|p1|Galvantula, F|\n|poke|p1|Iron Bundle|\n|poke|p2|Wormadam-Pixie-Dust, F|\n|poke|p2|Iron Spike, F|\n|poke|p2|Ting-Lu|\n|poke|p2|Enamorus, F|\n|poke|p2|Flygon, F|\n|poke|p2|Diamoneye, F|\n|raw|GamerNotFound2025's Tera Types:<br /><psicon pokemon=\"regifly\" /><psicon type=\"Flying\" /> / <psicon pokemon=\"toedscruel\" /><psicon type=\"Ground\" /> / <psicon pokemon=\"reuniclushell\" /><psicon type=\"Normal\" /> / <psicon pokemon=\"roaringmoon\" /><psicon type=\"Dragon\" /> / <psicon pokemon=\"galvantula\" /><psicon type=\"Bug\" /> / <psicon pokemon=\"ironbundle\" /><psicon type=\"Ice\" />\n|raw|ayoitslux's Tera Types:<br /><psicon pokemon=\"wormadampixiedust\" /><psicon type=\"Bug\" /> / <psicon pokemon=\"ironspike\" /><psicon type=\"Water\" /> / <psicon pokemon=\"tinglu\" /><psicon type=\"Dark\" /> / <psicon pokemon=\"enamorus\" /><psicon type=\"Steel\" /> / <psicon pokemon=\"flygon\" /><psicon type=\"Ground\" /> / <psicon pokemon=\"diamoneye\" /><psicon type=\"Ghost\" />\n|teampreview\n|c|☆ayoitslux|finally\n|c|☆GamerNotFound2025|Hf\n|j|~SparksTheNeo\n|c|☆ayoitslux|glhf\n|\n|t:|1763840286\n|teamsize|p1|6\n|teamsize|p2|6\n|start\n|switch|p1a: Galvantula|Galvantula, F|100/100\n|switch|p2a: Wormadam-Pixie-Dus|Wormadam-Pixie-Dust, F, shiny|100/100\n|turn|1\n|\n|t:|1763840289\n|detailschange|p1a: Galvantula|Galvantula-Mega, F\n|-mega|p1a: Galvantula|Galvantula|Galvantulite\n|-ability|p1a: Galvantula|Beads of Ruin\n|move|p2a: Wormadam-Pixie-Dus|Sticky Web|p1a: Galvantula\n|-sidestart|p1: GamerNotFound2025|move: Sticky Web\n|move|p1a: Galvantula|Agility|p1a: Galvantula\n|-boost|p1a: Galvantula|spe|2\n|\n|upkeep\n|turn|2\n|\n|t:|1763840294\n|move|p1a: Galvantula|Agility|p1a: Galvantula\n|-boost|p1a: Galvantula|spe|2\n|move|p2a: Wormadam-Pixie-Dus|Toxic|p1a: Galvantula\n|-status|p1a: Galvantula|tox\n|\n|-damage|p1a: Galvantula|94/100 tox|[from] psn\n|upkeep\n|turn|3\n|\n|t:|1763840298\n|move|p1a: Galvantula|Thunderbolt|p2a: Wormadam-Pixie-Dus\n|-enditem|p2a: Wormadam-Pixie-Dus|Focus Sash\n|-damage|p2a: Wormadam-Pixie-Dus|1/100\n|move|p2a: Wormadam-Pixie-Dus|Stealth Rock|p1a: Galvantula\n|-sidestart|p1: GamerNotFound2025|move: Stealth Rock\n|\n|-damage|p1a: Galvantula|82/100 tox|[from] psn\n|upkeep\n|turn|4\n|\n|t:|1763840302\n|move|p1a: Galvantula|Bug Buzz|p2a: Wormadam-Pixie-Dus\n|-resisted|p2a: Wormadam-Pixie-Dus\n|-damage|p2a: Wormadam-Pixie-Dus|0 fnt\n|faint|p2a: Wormadam-Pixie-Dus\n|\n|-damage|p1a: Galvantula|64/100 tox|[from] psn\n|upkeep\n|j| The_Shawdoin\n|\n|t:|1763840309\n|switch|p2a: Ting-Lu|Ting-Lu|100/100\n|-ability|p2a: Ting-Lu|Vessel of Ruin\n|turn|5\n|\n|t:|1763840330\n|move|p1a: Galvantula|Bug Buzz|p2a: Ting-Lu\n|-supereffective|p2a: Ting-Lu\n|-damage|p2a: Ting-Lu|39/100\n|-enditem|p2a: Ting-Lu|Rowap Berry|[eat]\n|-damage|p1a: Galvantula|52/100 tox|[from] item: Rowap Berry|[of] p2a: Ting-Lu\n|move|p2a: Ting-Lu|Whirlwind|p1a: Galvantula\n|drag|p1a: Roaring Moon|Roaring Moon|100/100\n|-activate|p1a: Roaring Moon|move: Sticky Web\n|-unboost|p1a: Roaring Moon|spe|1\n|-damage|p1a: Roaring Moon|88/100|[from] Stealth Rock\n|\n|upkeep\n|turn|6\n|\n|t:|1763840334\n|move|p1a: Roaring Moon|U-turn|p2a: Ting-Lu\n|-supereffective|p2a: Ting-Lu\n|-damage|p2a: Ting-Lu|9/100\n|\n|t:|1763840337\n|-end|p1a: Roaring Moon|Protosynthesis|[silent]\n|switch|p1a: Toedscruel|Toedscruel, M|100/100|[from] U-turn\n|-activate|p1a: Toedscruel|move: Sticky Web\n|-unboost|p1a: Toedscruel|spe|1\n|-damage|p1a: Toedscruel|94/100|[from] Stealth Rock\n|move|p2a: Ting-Lu|Whirlwind|p1a: Toedscruel\n|drag|p1a: Reuniclus-Hell|Reuniclus-Hell, F|100/100\n|-activate|p1a: Reuniclus-Hell|move: Sticky Web\n|-unboost|p1a: Reuniclus-Hell|spe|1\n|\n|upkeep\n|turn|7\n|\n|t:|1763840342\n|switch|p1a: Toedscruel|Toedscruel, M|94/100\n|-activate|p1a: Toedscruel|move: Sticky Web\n|-unboost|p1a: Toedscruel|spe|1\n|-damage|p1a: Toedscruel|88/100|[from] Stealth Rock\n|move|p2a: Ting-Lu|Ruination|p1a: Toedscruel\n|-damage|p1a: Toedscruel|44/100\n|\n|upkeep\n|turn|8\n|\n|t:|1763840346\n|switch|p2a: Diamoneye|Diamoneye, F|100/100\n|move|p1a: Toedscruel|Rapid Spin|p2a: Diamoneye\n|-immune|p2a: Diamoneye\n|\n|upkeep\n|turn|9\n|\n|t:|1763840352\n|move|p2a: Diamoneye|Encore|p1a: Toedscruel\n|-start|p1a: Toedscruel|Encore\n|move|p1a: Toedscruel|Rapid Spin|p2a: Diamoneye\n|-immune|p2a: Diamoneye\n|\n|upkeep\n|turn|10\n|\n|t:|1763840355\n|switch|p1a: Reuniclus-Hell|Reuniclus-Hell, F|100/100\n|-activate|p1a: Reuniclus-Hell|move: Sticky Web\n|-unboost|p1a: Reuniclus-Hell|spe|1\n|move|p2a: Diamoneye|Dazzling Gleam|p1a: Reuniclus-Hell\n|-damage|p1a: Reuniclus-Hell|92/100\n|\n|upkeep\n|turn|11\n|\n|t:|1763840361\n|switch|p2a: Ting-Lu|Ting-Lu|9/100\n|-ability|p2a: Ting-Lu|Vessel of Ruin\n|move|p1a: Reuniclus-Hell|Hyper Voice|p2a: Ting-Lu\n|-damage|p2a: Ting-Lu|0 fnt\n|faint|p2a: Ting-Lu\n|\n|upkeep\n|\n|t:|1763840363\n|switch|p2a: Iron Spike|Iron Spike, F|100/100\n|-enditem|p2a: Iron Spike|Booster Energy\n|-activate|p2a: Iron Spike|ability: Quark Drive|[fromitem]\n|-start|p2a: Iron Spike|quarkdrivespe\n|turn|12\n|\n|t:|1763840378\n|switch|p1a: Galvantula|Galvantula-Mega, F|52/100 tox\n|-activate|p1a: Galvantula|move: Sticky Web\n|-unboost|p1a: Galvantula|spe|1\n|-damage|p1a: Galvantula|27/100 tox|[from] Stealth Rock\n|-ability|p1a: Galvantula|Beads of Ruin\n|move|p2a: Iron Spike|Calm Mind|p2a: Iron Spike\n|-boost|p2a: Iron Spike|spa|1\n|-boost|p2a: Iron Spike|spd|1\n|\n|-damage|p1a: Galvantula|21/100 tox|[from] psn\n|upkeep\n|turn|13\n|l|☆GamerNotFound2025\n|player|p1|\n|c| The_Shawdoin|Bro left?\n|c| The_Shawdoin|Lol\n|c|☆ayoitslux|gg???????\n|c|~SparksTheNeo|it's just that easy\n|l| The_Shawdoin\n|j|☆GamerNotFound2025\n|player|p1|GamerNotFound2025|102|\n|\n|t:|1763840596\n|move|p2a: Iron Spike|Scald|p1a: Galvantula\n|-damage|p1a: Galvantula|0 fnt\n|faint|p1a: Galvantula\n|detailschange|p1: Galvantula|Galvantula, F|[silent]\n|\n|upkeep\n|c|☆GamerNotFound2025|Mb\n|\n|t:|1763840615\n|switch|p1a: Toedscruel|Toedscruel, M|44/100\n|-activate|p1a: Toedscruel|move: Sticky Web\n|-unboost|p1a: Toedscruel|spe|1\n|-damage|p1a: Toedscruel|38/100|[from] Stealth Rock\n|turn|14\n|\n|t:|1763840623\n|move|p2a: Iron Spike|Ice Beam|p1a: Toedscruel\n|-supereffective|p1a: Toedscruel\n|-enditem|p1a: Toedscruel|Yache Berry|[eat]\n|-enditem|p1a: Toedscruel|Yache Berry|[weaken]\n|-damage|p1a: Toedscruel|0 fnt\n|faint|p1a: Toedscruel\n|\n|upkeep\n|\n|t:|1763840628\n|switch|p1a: Iron Bundle|Iron Bundle|100/100\n|-activate|p1a: Iron Bundle|move: Sticky Web\n|-unboost|p1a: Iron Bundle|spe|1\n|-damage|p1a: Iron Bundle|76/100|[from] Stealth Rock\n|turn|15\n|\n|t:|1763840631\n|move|p2a: Iron Spike|Flash Cannon|p1a: Iron Bundle\n|-damage|p1a: Iron Bundle|0 fnt\n|faint|p1a: Iron Bundle\n|-end|p1a: Iron Bundle|Quark Drive|[silent]\n|\n|upkeep\n|c|☆GamerNotFound2025|Gg\n|\n|t:|1763840638\n|switch|p1a: Roaring Moon|Roaring Moon|88/100\n|-activate|p1a: Roaring Moon|move: Sticky Web\n|-unboost|p1a: Roaring Moon|spe|1\n|-damage|p1a: Roaring Moon|76/100|[from] Stealth Rock\n|turn|16\n|c|☆ayoitslux|gg\n|\n|t:|1763840646\n|move|p2a: Iron Spike|Ice Beam|p1a: Roaring Moon\n|-supereffective|p1a: Roaring Moon\n|-damage|p1a: Roaring Moon|5/100\n|move|p1a: Roaring Moon|Earthquake|p2a: Iron Spike\n|-supereffective|p2a: Iron Spike\n|-damage|p2a: Iron Spike|20/100\n|\n|upkeep\n|turn|17\n|j| wizzz7\n|\n|t:|1763840651\n|move|p2a: Iron Spike|Ice Beam|p1a: Roaring Moon\n|-supereffective|p1a: Roaring Moon\n|-damage|p1a: Roaring Moon|0 fnt\n|faint|p1a: Roaring Moon\n|-end|p1a: Roaring Moon|Protosynthesis|[silent]\n|\n|upkeep\n|j| The_Shawdoin\n|c|☆ayoitslux|nvm this mon sucks\n|\n|t:|1763840654\n|switch|p1a: Reuniclus-Hell|Reuniclus-Hell, F|92/100\n|-activate|p1a: Reuniclus-Hell|move: Sticky Web\n|-unboost|p1a: Reuniclus-Hell|spe|1\n|turn|18\n|\n|t:|1763840656\n|move|p2a: Iron Spike|Flash Cannon|p1a: Reuniclus-Hell\n|-supereffective|p1a: Reuniclus-Hell\n|-damage|p1a: Reuniclus-Hell|25/100\n|move|p1a: Reuniclus-Hell|Hyper Voice|p2a: Iron Spike\n|-resisted|p2a: Iron Spike\n|-damage|p2a: Iron Spike|3/100\n|\n|upkeep\n|turn|19\n|\n|t:|1763840659\n|move|p2a: Iron Spike|Flash Cannon|p1a: Reuniclus-Hell\n|-supereffective|p1a: Reuniclus-Hell\n|-damage|p1a: Reuniclus-Hell|0 fnt\n|faint|p1a: Reuniclus-Hell\n|\n|upkeep\n|\n|t:|1763840661\n|switch|p1a: Regifly|Regifly, F|100/100\n|-damage|p1a: Regifly|76/100|[from] Stealth Rock\n|turn|20\n|\n|t:|1763840663\n|-terastallize|p1a: Regifly|Flying\n|move|p2a: Iron Spike|Ice Beam|p1a: Regifly\n|-supereffective|p1a: Regifly\n|-damage|p1a: Regifly|0 fnt\n|faint|p1a: Regifly\n|\n|win|ayoitslux\n|l| wizzz7\n|c|☆ayoitslux|oh\n|c|☆ayoitslux|no boots\n","players":["GamerNotFound2025","ayoitslux"],"format":"[Gen 9] NatDex Draft","rating":null,"private":1,"password":"oan7q2pn8r1ly3or49k1kkq7a3btxdg","inputlog":">version fcbd19b897670a6ca2d6afcd55efaaf2b6c6cc9b\n>start {\"formatid\":\"gen9natdexdraft@@@Tera Type Preview\",\"seed\":\"sodium,3a3abff6ad921266afa03165d15de9c0\"}\n>player p1 {\"name\":\"GamerNotFound2025\",\"avatar\":\"102\",\"team\":\"Regifly||ChoiceSpecs|GaleWings|Aeroblast,TeraBlast,Hurricane,Uturn|Modest|,,,252,4,252|F||||,,,,,Flying]Toedscruel||YacheBerry|MyceliumMight|EarthPower,Protect,LeechSeed,RapidSpin|Calm|252,,,4,252,|M||||,,,,,Ground]Reuniclus-Hell||LifeOrb|MagicGuard|Moonblast,HyperVoice,CalmMind,Recover|Calm|252,,4,,252,|F|,0,,,,|||,,,,,Normal]Roaring Moon||ChoiceScarf|Protosynthesis|KnockOff,Outrage,Uturn,Earthquake|Adamant|,252,,,4,252|N||||,,,,,Dragon]Galvantula||Galvantulite|CompoundEyes|BugBuzz,Thunderbolt,StickyWeb,Agility|Modest|,,,252,4,252|F|,0,,,,|||,,,,,Bug]Iron Bundle||ChoiceSpecs|QuarkDrive|IceBeam,FreezeDry,HydroPump,FlipTurn|Timid|,,,252,4,252|N||||,,,,,Ice\",\"rating\":0}\n>player p2 {\"name\":\"ayoitslux\",\"avatar\":\"101\",\"team\":\"Wormadam-Pixie-Dus|WormadamPixieDust|FocusSash|Overcoat|StickyWeb,StealthRock,Moonblast,Toxic|Timid|,,4,252,,252|F|,0,,,,|S||,,,,,Bug]Iron Spike||BoosterEnergy|QuarkDrive|Scald,FlashCannon,IceBeam,CalmMind|Timid|,,36,224,,248|F|,0,,,,|||,,,,,Water]Ting-Lu||RowapBerry|VesselofRuin|StealthRock,Earthquake,Ruination,Whirlwind|Sassy|252,,44,,212,|N||||,,,,,Dark]Enamorus||PetayaBerry|CuteCharm|Moonblast,EarthPower,Substitute,Agility|Timid|,,,252,48,208|F|,0,,,,|||,,,,,Steel]Flygon||FlygoniteA|Levitate|DragonRush,FirstImpression,Earthquake,HoneClaws|Jolly|,252,,,8,248|F||S||,,,,,Ground]Diamoneye||RowapBerry|Prankster|Encore,DazzlingGleam,DestinyBond,ThunderWave|Calm|252,,,4,252,|F|,0,,,,|||,,,,,Ghost\",\"rating\":0}\n>chat ☆ayoitslux|finally\n>chat ☆GamerNotFound2025|Hf\n>chat ☆ayoitslux|glhf\n>p1 team 5, 2, 3, 4, 1, 6\n>p2 team 1, 2, 3, 4, 5, 6\n>p1 move agility mega\n>p2 move stickyweb\n>p1 move agility\n>p2 move toxic\n>p1 move thunderbolt\n>p2 move stealthrock\n>p1 move bugbuzz\n>p2 move moonblast\n>p2 switch 3\n>p1 move bugbuzz\n>p2 move whirlwind\n>p1 move uturn\n>p2 move whirlwind\n>p1 switch 2\n>p1 switch 3\n>p2 move ruination\n>p1 move rapidspin\n>p2 switch 6\n>p1 move leechseed\n>p2 move encore\n>p1 switch 3\n>p2 move dazzlinggleam\n>p1 move hypervoice\n>p2 switch 6\n>p2 switch 2\n>p1 switch 4\n>p2 move calmmind\n>chat  The_Shawdoin|Bro left?\n>chat  The_Shawdoin|Lol\n>chat ☆ayoitslux|gg???????\n>chat ~SparksTheNeo|it's just that easy\n>p1 move thunderbolt\n>p2 move scald\n>chat ☆GamerNotFound2025|Mb\n>p1 switch 3\n>p1 move leechseed\n>p2 move icebeam\n>p1 switch 6\n>p1 move freezedry\n>p2 move flashcannon\n>chat ☆GamerNotFound2025|Gg\n>p1 switch 2\n>chat ☆ayoitslux|gg\n>p1 move earthquake\n>p2 move icebeam\n>p1 move earthquake\n>p2 move icebeam\n>chat ☆ayoitslux|nvm this mon sucks\n>p1 switch 4\n>p1 move hypervoice\n>p2 move flashcannon\n>p1 move hypervoice\n>p2 move flashcannon\n>p1 switch 5\n>p1 move aeroblast terastallize\n>p2 move icebeam","uploadtime":1763840674}