{"id":"gen9natdexdraft-212","log":"|j|☆Kjflame013\n|j|☆Ark 64\n|t:|1762128636\n|gametype|singles\n|player|p1|Kjflame013|ghetsis|\n|player|p2|Ark 64|102|\n|gen|9\n|tier|[Gen 9] NatDex Draft\n|rule|Tera Type Preview: Tera Types are shown at Team Preview\n|rule|Sleep Clause Mod: Limit one foe put to sleep\n|rule|OHKO Clause: OHKO moves are banned\n|rule|Evasion Clause: Evasion abilities, items, and moves are banned\n|rule|Evasion Abilities Clause: Evasion abilities are banned\n|rule|Evasion Items Clause: Evasion items are banned\n|rule|Evasion Moves Clause: Evasion moves are banned\n|rule|Endless Battle Clause: Forcing endless battles is banned\n|rule|HP Percentage Mod: HP is shown in percentages\n|raw|<div class=\"infobox\"><details class=\"readmore\" open><summary><strong>1 custom rule:</strong></summary> Tera Type Preview</details></div>\n|clearpoke\n|poke|p1|Corviknight-Prime, F|\n|poke|p1|Jolteon-Prime, M|\n|poke|p1|Primarina, M|\n|poke|p1|Venusaur, M|\n|poke|p1|Avalugg, F|\n|poke|p1|Urshifu-*, M|\n|poke|p2|Garchomp-Prime, M|\n|poke|p2|Excadrill, F|\n|poke|p2|Rotom-Heat|\n|poke|p2|Meganium-Prime, M|\n|poke|p2|Annihilape, M|\n|poke|p2|Magnezone|\n|raw|Kjflame013's Tera Types:<br /><psicon pokemon=\"corviknightprime\" /><psicon type=\"Flying\" /> / <psicon pokemon=\"jolteonprime\" /><psicon type=\"Electric\" /> / <psicon pokemon=\"primarina\" /><psicon type=\"Water\" /> / <psicon pokemon=\"venusaur\" /><psicon type=\"Grass\" /> / <psicon pokemon=\"avalugg\" /><psicon type=\"Fairy\" /> / <psicon pokemon=\"urshifu\" /><psicon type=\"Dark\" />\n|raw|Ark 64's Tera Types:<br /><psicon pokemon=\"garchompprime\" /><psicon type=\"Dragon\" /> / <psicon pokemon=\"excadrill\" /><psicon type=\"Fire\" /> / <psicon pokemon=\"rotomheat\" /><psicon type=\"Electric\" /> / <psicon pokemon=\"meganiumprime\" /><psicon type=\"Grass\" /> / <psicon pokemon=\"annihilape\" /><psicon type=\"Fighting\" /> / <psicon pokemon=\"magnezone\" /><psicon type=\"Electric\" />\n|teampreview\n|\n|t:|1762128659\n|teamsize|p1|6\n|teamsize|p2|6\n|start\n|switch|p1a: Urshifu|Urshifu, M|100/100\n|switch|p2a: Garchomp-Prime|Garchomp-Prime, M|100/100\n|turn|1\n|\n|t:|1762128693\n|move|p1a: Urshifu|Sucker Punch||[still]\n|-fail|p1a: Urshifu\n|move|p2a: Garchomp-Prime|Stealth Rock|p1a: Urshifu\n|-sidestart|p1: Kjflame013|move: Stealth Rock\n|\n|upkeep\n|turn|2\n|\n|t:|1762128708\n|move|p1a: Urshifu|Sucker Punch||[still]\n|-fail|p1a: Urshifu\n|move|p2a: Garchomp-Prime|Spikes|p1a: Urshifu\n|-sidestart|p1: Kjflame013|Spikes\n|\n|upkeep\n|turn|3\n|\n|t:|1762128713\n|move|p1a: Urshifu|Sucker Punch||[still]\n|-fail|p1a: Urshifu\n|move|p2a: Garchomp-Prime|Spikes|p1a: Urshifu\n|-sidestart|p1: Kjflame013|Spikes\n|\n|upkeep\n|turn|4\n|\n|t:|1762128716\n|move|p1a: Urshifu|Sucker Punch||[still]\n|-fail|p1a: Urshifu\n|move|p2a: Garchomp-Prime|Spikes|p1a: Urshifu\n|-sidestart|p1: Kjflame013|Spikes\n|\n|upkeep\n|turn|5\n|\n|t:|1762128718\n|move|p1a: Urshifu|Sucker Punch||[still]\n|-fail|p1a: Urshifu\n|move|p2a: Garchomp-Prime|Spikes||[still]\n|-fail|p2a: Garchomp-Prime\n|\n|upkeep\n|turn|6\n|\n|t:|1762128722\n|move|p1a: Urshifu|Sucker Punch||[still]\n|-fail|p1a: Urshifu\n|move|p2a: Garchomp-Prime|Spikes||[still]\n|-fail|p2a: Garchomp-Prime\n|\n|upkeep\n|turn|7\n|\n|t:|1762128724\n|move|p1a: Urshifu|Sucker Punch||[still]\n|-fail|p1a: Urshifu\n|move|p2a: Garchomp-Prime|Spikes||[still]\n|-fail|p2a: Garchomp-Prime\n|\n|upkeep\n|turn|8\n|\n|t:|1762128728\n|move|p1a: Urshifu|Sucker Punch||[still]\n|-fail|p1a: Urshifu\n|move|p2a: Garchomp-Prime|Spikes||[still]\n|-fail|p2a: Garchomp-Prime\n|\n|upkeep\n|turn|9\n|\n|t:|1762128730\n|-activate|p1a: Urshifu|move: Struggle\n|move|p1a: Urshifu|Struggle|p2a: Garchomp-Prime\n|-damage|p2a: Garchomp-Prime|82/100\n|-damage|p1a: Urshifu|84/100|[from] item: Rocky Helmet|[of] p2a: Garchomp-Prime\n|-damage|p1a: Urshifu|59/100|[from] recoil\n|move|p2a: Garchomp-Prime|Earthquake|p1a: Urshifu\n|-damage|p1a: Urshifu|10/100\n|\n|upkeep\n|turn|10\n|\n|t:|1762128734\n|-activate|p1a: Urshifu|move: Struggle\n|move|p1a: Urshifu|Struggle|p2a: Garchomp-Prime\n|-crit|p2a: Garchomp-Prime\n|-damage|p2a: Garchomp-Prime|57/100\n|-damage|p1a: Urshifu|0 fnt|[from] item: Rocky Helmet|[of] p2a: Garchomp-Prime\n|faint|p1a: Urshifu\n|move|p2a: Garchomp-Prime|Bitter Blade|p1: Urshifu|[notarget]\n|-fail|p2a: Garchomp-Prime\n|\n|upkeep\n|c|☆Kjflame013|Wow\n|j|~SparksTheNeo\n|\n|t:|1762128742\n|switch|p1a: Avalugg|Avalugg, F|100/100\n|-damage|p1a: Avalugg|76/100|[from] Stealth Rock\n|-damage|p1a: Avalugg|51/100|[from] Spikes\n|turn|11\n|\n|t:|1762128747\n|move|p2a: Garchomp-Prime|Bitter Blade|p1a: Avalugg\n|-supereffective|p1a: Avalugg\n|-damage|p1a: Avalugg|28/100\n|-heal|p2a: Garchomp-Prime|66/100|[from] drain|[of] p1a: Avalugg\n|-damage|p2a: Garchomp-Prime|50/100|[from] item: Rocky Helmet|[of] p1a: Avalugg\n|move|p1a: Avalugg|Rapid Spin|p2a: Garchomp-Prime\n|-damage|p2a: Garchomp-Prime|40/100\n|-boost|p1a: Avalugg|spe|1\n|-damage|p1a: Avalugg|11/100|[from] item: Rocky Helmet|[of] p2a: Garchomp-Prime\n|-sideend|p1: Kjflame013|Spikes|[from] move: Rapid Spin|[of] p1a: Avalugg\n|-sideend|p1: Kjflame013|Stealth Rock|[from] move: Rapid Spin|[of] p1a: Avalugg\n|\n|upkeep\n|turn|12\n|\n|t:|1762128751\n|move|p2a: Garchomp-Prime|Bitter Blade|p1a: Avalugg\n|-supereffective|p1a: Avalugg\n|-damage|p1a: Avalugg|0 fnt\n|-heal|p2a: Garchomp-Prime|45/100|[from] drain|[of] p1a: Avalugg\n|-damage|p2a: Garchomp-Prime|29/100|[from] item: Rocky Helmet|[of] p1a: Avalugg\n|faint|p1a: Avalugg\n|\n|upkeep\n|\n|t:|1762128755\n|switch|p1a: Venusaur|Venusaur, M|100/100\n|turn|13\n|\n|t:|1762128764\n|switch|p2a: Rotom|Rotom-Heat|100/100\n|detailschange|p1a: Venusaur|Venusaur-Mega, M\n|-mega|p1a: Venusaur|Venusaur|Venusaurite\n|move|p1a: Venusaur|Giga Drain|p2a: Rotom\n|-resisted|p2a: Rotom\n|-damage|p2a: Rotom|82/100\n|\n|upkeep\n|turn|14\n|\n|t:|1762128771\n|move|p2a: Rotom|Volt Switch|p1a: Venusaur\n|-resisted|p1a: Venusaur\n|-damage|p1a: Venusaur|87/100\n|\n|t:|1762128777\n|switch|p2a: Meganium-Prime|Meganium-Prime, M|100/100|[from] Volt Switch\n|move|p1a: Venusaur|Sludge Bomb|p2a: Meganium-Prime\n|-supereffective|p2a: Meganium-Prime\n|-damage|p2a: Meganium-Prime|47/100\n|\n|-heal|p2a: Meganium-Prime|53/100|[from] item: Leftovers\n|upkeep\n|turn|15\n|c|~SparksTheNeo|imagine ddance chomp\n|c|~SparksTheNeo|game wouldve been oer\n|c|☆Ark 64|Yeah I don’t know why I didnt go ddance lol\n|\n|t:|1762128815\n|move|p2a: Meganium-Prime|Substitute|p2a: Meganium-Prime\n|-start|p2a: Meganium-Prime|Substitute\n|-damage|p2a: Meganium-Prime|28/100\n|move|p1a: Venusaur|Earth Power|p2a: Meganium-Prime\n|-resisted|p2a: Meganium-Prime\n|-activate|p2a: Meganium-Prime|move: Substitute|[damage]\n|\n|-heal|p2a: Meganium-Prime|34/100|[from] item: Leftovers\n|upkeep\n|turn|16\n|\n|t:|1762128818\n|move|p2a: Meganium-Prime|Synthesis|p2a: Meganium-Prime\n|-heal|p2a: Meganium-Prime|84/100\n|move|p1a: Venusaur|Sludge Bomb|p2a: Meganium-Prime\n|-supereffective|p2a: Meganium-Prime\n|-end|p2a: Meganium-Prime|Substitute\n|\n|-heal|p2a: Meganium-Prime|91/100|[from] item: Leftovers\n|upkeep\n|turn|17\n|\n|t:|1762128821\n|move|p2a: Meganium-Prime|Earthquake|p1a: Venusaur\n|-damage|p1a: Venusaur|73/100\n|move|p1a: Venusaur|Sludge Bomb|p2a: Meganium-Prime\n|-supereffective|p2a: Meganium-Prime\n|-damage|p2a: Meganium-Prime|39/100\n|\n|-heal|p2a: Meganium-Prime|45/100|[from] item: Leftovers\n|upkeep\n|turn|18\n|\n|t:|1762128826\n|move|p2a: Meganium-Prime|Synthesis|p2a: Meganium-Prime\n|-heal|p2a: Meganium-Prime|95/100\n|move|p1a: Venusaur|Sludge Bomb|p2a: Meganium-Prime\n|-supereffective|p2a: Meganium-Prime\n|-damage|p2a: Meganium-Prime|43/100\n|-status|p2a: Meganium-Prime|psn\n|\n|-heal|p2a: Meganium-Prime|49/100 psn|[from] item: Leftovers\n|-damage|p2a: Meganium-Prime|37/100 psn|[from] psn\n|upkeep\n|turn|19\n|\n|t:|1762128841\n|move|p2a: Meganium-Prime|Sappy Seed|p1a: Venusaur\n|-resisted|p1a: Venusaur\n|-damage|p1a: Venusaur|67/100\n|move|p1a: Venusaur|Synthesis|p1a: Venusaur\n|-heal|p1a: Venusaur|100/100\n|\n|-heal|p2a: Meganium-Prime|43/100 psn|[from] item: Leftovers\n|-damage|p2a: Meganium-Prime|30/100 psn|[from] psn\n|upkeep\n|turn|20\n|\n|t:|1762128860\n|move|p2a: Meganium-Prime|Synthesis|p2a: Meganium-Prime\n|-heal|p2a: Meganium-Prime|80/100 psn\n|move|p1a: Venusaur|Sludge Bomb|p2a: Meganium-Prime\n|-supereffective|p2a: Meganium-Prime\n|-damage|p2a: Meganium-Prime|24/100 psn\n|\n|-heal|p2a: Meganium-Prime|30/100 psn|[from] item: Leftovers\n|-damage|p2a: Meganium-Prime|17/100 psn|[from] psn\n|upkeep\n|turn|21\n|\n|t:|1762128875\n|switch|p2a: Excadrill|Excadrill, F|100/100\n|-ability|p2a: Excadrill|Mold Breaker\n|move|p1a: Venusaur|Earth Power|p2a: Excadrill\n|-supereffective|p2a: Excadrill\n|-damage|p2a: Excadrill|36/100\n|\n|upkeep\n|turn|22\n|c|☆Ark 64|Ow\n|\n|t:|1762128889\n|switch|p2a: Rotom|Rotom-Heat|82/100\n|move|p1a: Venusaur|Giga Drain|p2a: Rotom\n|-resisted|p2a: Rotom\n|-damage|p2a: Rotom|61/100\n|\n|upkeep\n|turn|23\n|\n|t:|1762128900\n|switch|p1a: Jolteon-Prime|Jolteon-Prime, M|100/100\n|move|p2a: Rotom|Will-O-Wisp|p1a: Jolteon-Prime\n|-status|p1a: Jolteon-Prime|brn\n|\n|-damage|p1a: Jolteon-Prime|94/100 brn|[from] brn\n|upkeep\n|turn|24\n|\n|t:|1762128916\n|switch|p2a: Magnezone|Magnezone|100/100\n|-item|p2a: Magnezone|Air Balloon\n|move|p1a: Jolteon-Prime|Boomburst|p2a: Magnezone\n|-resisted|p2a: Magnezone\n|-damage|p2a: Magnezone|74/100\n|-enditem|p2a: Magnezone|Air Balloon\n|\n|-heal|p1a: Jolteon-Prime|100/100 brn|[from] item: Leftovers\n|-damage|p1a: Jolteon-Prime|94/100 brn|[from] brn\n|upkeep\n|turn|25\n|\n|t:|1762128927\n|move|p1a: Jolteon-Prime|Calm Mind|p1a: Jolteon-Prime\n|-boost|p1a: Jolteon-Prime|spa|1\n|-boost|p1a: Jolteon-Prime|spd|1\n|move|p2a: Magnezone|Body Press|p1a: Jolteon-Prime\n|-damage|p1a: Jolteon-Prime|55/100 brn\n|\n|-heal|p1a: Jolteon-Prime|61/100 brn|[from] item: Leftovers\n|-damage|p1a: Jolteon-Prime|55/100 brn|[from] brn\n|upkeep\n|turn|26\n|\n|t:|1762128933\n|move|p1a: Jolteon-Prime|Boomburst|p2a: Magnezone\n|-resisted|p2a: Magnezone\n|-damage|p2a: Magnezone|35/100\n|move|p2a: Magnezone|Body Press|p1a: Jolteon-Prime\n|-damage|p1a: Jolteon-Prime|19/100 brn\n|\n|-heal|p1a: Jolteon-Prime|25/100 brn|[from] item: Leftovers\n|-damage|p1a: Jolteon-Prime|19/100 brn|[from] brn\n|upkeep\n|turn|27\n|\n|t:|1762128938\n|move|p1a: Jolteon-Prime|Boomburst|p2a: Magnezone\n|-resisted|p2a: Magnezone\n|-damage|p2a: Magnezone|0 fnt\n|faint|p2a: Magnezone\n|\n|-heal|p1a: Jolteon-Prime|25/100 brn|[from] item: Leftovers\n|-damage|p1a: Jolteon-Prime|19/100 brn|[from] brn\n|upkeep\n|\n|t:|1762128942\n|switch|p2a: Rotom|Rotom-Heat|61/100\n|turn|28\n|\n|t:|1762128946\n|move|p1a: Jolteon-Prime|Boomburst|p2a: Rotom\n|-damage|p2a: Rotom|0 fnt\n|faint|p2a: Rotom\n|\n|-heal|p1a: Jolteon-Prime|25/100 brn|[from] item: Leftovers\n|-damage|p1a: Jolteon-Prime|19/100 brn|[from] brn\n|upkeep\n|c|☆Ark 64|Oh I thought I outspeed with scarf lol\n|\n|t:|1762128982\n|switch|p2a: Annihilape|Annihilape, M|100/100\n|turn|29\n|c|☆Kjflame013|I was gonna match my speeds but was like fuck it\n|\n|t:|1762129023\n|switch|p2a: Meganium-Prime|Meganium-Prime, M|17/100 psn\n|move|p1a: Jolteon-Prime|Thunderbolt|p2a: Meganium-Prime\n|-resisted|p2a: Meganium-Prime\n|-damage|p2a: Meganium-Prime|0 fnt\n|faint|p2a: Meganium-Prime\n|\n|-heal|p1a: Jolteon-Prime|25/100 brn|[from] item: Leftovers\n|-damage|p1a: Jolteon-Prime|19/100 brn|[from] brn\n|upkeep\n|\n|t:|1762129033\n|switch|p2a: Annihilape|Annihilape, M|100/100\n|turn|30\n|\n|t:|1762129037\n|move|p1a: Jolteon-Prime|Thunderbolt|p2a: Annihilape\n|-damage|p2a: Annihilape|42/100\n|move|p2a: Annihilape|Drain Punch|p1a: Jolteon-Prime\n|-damage|p1a: Jolteon-Prime|0 fnt\n|-heal|p2a: Annihilape|49/100|[from] drain|[of] p1a: Jolteon-Prime\n|faint|p1a: Jolteon-Prime\n|\n|upkeep\n|\n|t:|1762129040\n|switch|p1a: Primarina|Primarina, M|100/100\n|turn|31\n|\n|t:|1762129045\n|move|p2a: Annihilape|Rage Fist|p1a: Primarina\n|-damage|p1a: Primarina|61/100\n|move|p1a: Primarina|Moonblast|p2a: Annihilape\n|-supereffective|p2a: Annihilape\n|-damage|p2a: Annihilape|0 fnt\n|faint|p2a: Annihilape\n|\n|-heal|p1a: Primarina|67/100|[from] item: Leftovers\n|upkeep\n|\n|t:|1762129053\n|switch|p2a: Excadrill|Excadrill, F|36/100\n|-ability|p2a: Excadrill|Mold Breaker\n|turn|32\n|\n|t:|1762129059\n|switch|p1a: Corviknight-Prime|Corviknight-Prime, F|100/100\n|-ability|p1a: Corviknight-Prime|Pressure\n|move|p2a: Excadrill|Earthquake|p1a: Corviknight-Prime\n|-immune|p1a: Corviknight-Prime\n|\n|upkeep\n|turn|33\n|\n|t:|1762129066\n|-terastallize|p2a: Excadrill|Fire\n|move|p2a: Excadrill|Tera Blast|p1a: Corviknight-Prime|[anim] Tera Blast Fire\n|-supereffective|p1a: Corviknight-Prime\n|-damage|p1a: Corviknight-Prime|46/100\n|move|p1a: Corviknight-Prime|Bulk Up|p1a: Corviknight-Prime\n|-boost|p1a: Corviknight-Prime|atk|1\n|-boost|p1a: Corviknight-Prime|def|1\n|\n|upkeep\n|turn|34\n|\n|t:|1762129079\n|move|p2a: Excadrill|Swords Dance|p2a: Excadrill\n|-boost|p2a: Excadrill|atk|2\n|move|p1a: Corviknight-Prime|Rest|p1a: Corviknight-Prime\n|-status|p1a: Corviknight-Prime|slp|[from] move: Rest\n|-heal|p1a: Corviknight-Prime|100/100 slp|[silent]\n|-enditem|p1a: Corviknight-Prime|Chesto Berry|[eat]\n|-curestatus|p1a: Corviknight-Prime|slp|[msg]\n|\n|upkeep\n|turn|35\n|\n|t:|1762129084\n|move|p2a: Excadrill|Tera Blast|p1a: Corviknight-Prime|[anim] Tera Blast Fire\n|-supereffective|p1a: Corviknight-Prime\n|-damage|p1a: Corviknight-Prime|32/100\n|move|p1a: Corviknight-Prime|Body Press|p2a: Excadrill\n|-damage|p2a: Excadrill|0 fnt\n|faint|p2a: Excadrill\n|\n|upkeep\n|\n|t:|1762129087\n|switch|p2a: Garchomp-Prime|Garchomp-Prime, M|29/100\n|turn|36\n|\n|t:|1762129090\n|move|p2a: Garchomp-Prime|Bitter Blade|p1a: Corviknight-Prime\n|-supereffective|p1a: Corviknight-Prime\n|-damage|p1a: Corviknight-Prime|6/100\n|-heal|p2a: Garchomp-Prime|41/100|[from] drain|[of] p1a: Corviknight-Prime\n|move|p1a: Corviknight-Prime|Body Press|p2a: Garchomp-Prime\n|-crit|p2a: Garchomp-Prime\n|-damage|p2a: Garchomp-Prime|5/100\n|-damage|p1a: Corviknight-Prime|0 fnt|[from] item: Rocky Helmet|[of] p2a: Garchomp-Prime\n|faint|p1a: Corviknight-Prime\n|\n|upkeep\n|\n|t:|1762129096\n|switch|p1a: Primarina|Primarina, M|67/100\n|turn|37\n|\n|t:|1762129099\n|move|p2a: Garchomp-Prime|Earthquake|p1a: Primarina\n|-damage|p1a: Primarina|29/100\n|move|p1a: Primarina|Moonblast|p2a: Garchomp-Prime\n|-supereffective|p2a: Garchomp-Prime\n|-damage|p2a: Garchomp-Prime|0 fnt\n|faint|p2a: Garchomp-Prime\n|\n|win|Kjflame013\n|c|☆Kjflame013|Gg\n|c|☆Ark 64|Gg\n","players":["Kjflame013","Ark 64"],"format":"[Gen 9] NatDex Draft","rating":null,"private":0,"password":null,"inputlog":">version 2352b00944e7462b49311a255b814d2e23110915\n>start {\"formatid\":\"gen9natdexdraft@@@Tera Type Preview\",\"seed\":\"sodium,6d33408e128ce19311f596556b062d2a\"}\n>player p1 {\"name\":\"Kjflame013\",\"avatar\":\"ghetsis\",\"team\":\"Corviknight-Prime||ChestoBerry|Pressure|BraveBird,BulkUp,BodyPress,Rest|Careful|248,44,,,216,|F||||,,,,,Flying]Jolteon-Prime||Leftovers|VoltAbsorb|HiddenPowerIce,CalmMind,Thunderbolt,Boomburst|Timid|,,,252,4,252|M|,0,,,,|||,Ice,,,,Electric]Primarina||Leftovers|Torrent|Moonblast,Toxic,Scald,Haze|Bold|248,,252,8,,|M|,0,,,,|||,,,,,Water]Venusaur||Venusaurite|Overgrow|SludgeBomb,EarthPower,Synthesis,GigaDrain|Bold|236,,252,20,,|M|,0,,,,|||,,,,,Grass]Avalugg||RockyHelmet|Sturdy|RapidSpin,Avalanche,BodyPress,Recover|Impish|252,4,252,,,|F||||,,,,,Fairy]Urshifu||ChoiceBand|UnseenFist|WickedBlow,Uturn,CloseCombat,SuckerPunch|Jolly|,252,,,4,252|M||||,,,,,Dark\",\"rating\":0}\n>player p2 {\"name\":\"Ark 64\",\"avatar\":\"102\",\"team\":\"Garchomp-Prime||RockyHelmet|ArenaTrap|StealthRock,Spikes,Earthquake,BitterBlade|Careful|252,4,,,252,|M||||,,,,,Dragon]Excadrill||HeavyDutyBoots|MoldBreaker|RapidSpin,TeraBlast,Earthquake,SwordsDance|Jolly|64,252,,,,192|F||||,,,,,Fire]Rotom|RotomHeat|ChoiceScarf|Levitate|Overheat,VoltSwitch,Thunderbolt,WillOWisp|Timid|48,,,252,,208|N|,0,,,,|||,,,,,Electric]Meganium-Prime||Leftovers|ThickFat|SappySeed,Synthesis,Substitute,Earthquake|Impish|252,4,252,,,|M||||,,,,,Grass]Annihilape||LumBerry|Defiant|DrainPunch,RageFist,Uturn,BulkUp|Adamant|252,252,,,4,|M||||,,,,,Fighting]Magnezone||AirBalloon|MagnetPull|HiddenPowerIce,BodyPress,Thunderbolt,VoltSwitch|Bold|248,,252,,8,|N|,0,,,,|||,Ice,,,,Electric\",\"rating\":0}\n>p1 team 6, 2, 3, 4, 5, 1\n>p2 team 1, 2, 3, 4, 5, 6\n>p1 move suckerpunch\n>p2 move stealthrock\n>p1 move suckerpunch\n>p2 move spikes\n>p1 move suckerpunch\n>p2 move spikes\n>p1 move suckerpunch\n>p2 move spikes\n>p1 move suckerpunch\n>p2 move spikes\n>p1 move suckerpunch\n>p2 move spikes\n>p1 move suckerpunch\n>p2 move spikes\n>p1 move suckerpunch\n>p2 move spikes\n>p1 move struggle\n>p2 move earthquake\n>p1 move struggle\n>p2 move bitterblade\n>chat ☆Kjflame013|Wow\n>p1 switch 5\n>p1 move rapidspin\n>p2 move bitterblade\n>p1 move avalanche\n>p2 move bitterblade\n>p1 switch 4\n>p1 move gigadrain mega\n>p2 switch 3\n>p1 move sludgebomb\n>p2 move voltswitch\n>p2 switch 4\n>chat ~SparksTheNeo|imagine ddance chomp\n>chat ~SparksTheNeo|game wouldve been oer\n>chat ☆Ark 64|Yeah I don’t know why I didnt go ddance lol\n>p1 move earthpower\n>p2 move substitute\n>p1 move sludgebomb\n>p2 move synthesis\n>p1 move sludgebomb\n>p2 move earthquake\n>p1 move sludgebomb\n>p2 move synthesis\n>p1 move synthesis\n>p2 move sappyseed\n>p1 move sludgebomb\n>p2 move synthesis\n>p1 move earthpower\n>p2 switch 2\n>chat ☆Ark 64|Ow\n>p1 move gigadrain\n>p2 switch 4\n>p1 switch 2\n>p2 move willowisp\n>p1 move boomburst\n>p2 switch 6\n>p1 move calmmind\n>p2 move bodypress\n>p1 move boomburst\n>p2 move bodypress\n>p1 move boomburst\n>p2 move bodypress\n>p2 switch 6\n>p1 move boomburst\n>p2 move voltswitch\n>chat ☆Ark 64|Oh I thought I outspeed with scarf lol\n>p2 switch 5\n>chat ☆Kjflame013|I was gonna match my speeds but was like fuck it\n>p1 move thunderbolt\n>p2 switch 2\n>p2 switch 2\n>p1 move thunderbolt\n>p2 move drainpunch\n>p1 switch 3\n>p1 move moonblast\n>p2 move ragefist\n>p2 switch 4\n>p1 switch 6\n>p2 move earthquake\n>p1 move bulkup\n>p2 move terablast terastallize\n>p1 move rest\n>p2 move swordsdance\n>p1 move bodypress\n>p2 move terablast\n>p2 switch 3\n>p1 move bodypress\n>p2 move bitterblade\n>p1 switch 6\n>p1 move moonblast\n>p2 move earthquake","uploadtime":1762129109}