{"id":"gen9natdexdraft-129","log":"|j|☆FrogadierDucklett\n|j|☆caeriselene\n|t:|1761479383\n|gametype|singles\n|player|p1|FrogadierDucklett|169|\n|player|p2|caeriselene|2|\n|gen|9\n|tier|[Gen 9] NatDex Draft\n|rule|Tera Type Preview: Tera Types are shown at Team Preview\n|rule|Sleep Clause Mod: Limit one foe put to sleep\n|rule|OHKO Clause: OHKO moves are banned\n|rule|Evasion Clause: Evasion abilities, items, and moves are banned\n|rule|Evasion Abilities Clause: Evasion abilities are banned\n|rule|Evasion Items Clause: Evasion items are banned\n|rule|Evasion Moves Clause: Evasion moves are banned\n|rule|Endless Battle Clause: Forcing endless battles is banned\n|rule|HP Percentage Mod: HP is shown in percentages\n|raw|<div class=\"infobox\"><details class=\"readmore\" open><summary><strong>1 custom rule:</strong></summary> Tera Type Preview</details></div>\n|clearpoke\n|poke|p1|Swampert-Prime, M|\n|poke|p1|Charizard-Prime, F|\n|poke|p1|Hydrapple, F|\n|poke|p1|Iron Treads|\n|poke|p1|Deoxys-Speed|\n|poke|p1|Florges, F|\n|poke|p2|Blaziken, F|\n|poke|p2|Qwilfish-Hisui, M|\n|poke|p2|Regigigas-Prime|\n|poke|p2|Simipour-Prime, M|\n|poke|p2|Corviknight, M|\n|poke|p2|Dhelmise|\n|raw|FrogadierDucklett's Tera Types:<br /><psicon pokemon=\"swampertprime\" /><psicon type=\"Water\" /> / <psicon pokemon=\"charizardprime\" /><psicon type=\"Fire\" /> / <psicon pokemon=\"hydrapple\" /><psicon type=\"Water\" /> / <psicon pokemon=\"irontreads\" /><psicon type=\"Ground\" /> / <psicon pokemon=\"deoxysspeed\" /><psicon type=\"Psychic\" /> / <psicon pokemon=\"florges\" /><psicon type=\"Fairy\" />\n|raw|caeriselene's Tera Types:<br /><psicon pokemon=\"blaziken\" /><psicon type=\"Fire\" /> / <psicon pokemon=\"qwilfishhisui\" /><psicon type=\"Dark\" /> / <psicon pokemon=\"regigigasprime\" /><psicon type=\"Normal\" /> / <psicon pokemon=\"simipourprime\" /><psicon type=\"Water\" /> / <psicon pokemon=\"corviknight\" /><psicon type=\"Flying\" /> / <psicon pokemon=\"dhelmise\" /><psicon type=\"Ghost\" />\n|teampreview\n|c|☆FrogadierDucklett|glhf!\n|c|☆caeriselene|goodluck have fun\n|\n|t:|1761479417\n|teamsize|p1|6\n|teamsize|p2|6\n|start\n|switch|p1a: Deoxys|Deoxys-Speed|100/100\n|switch|p2a: Dhelmise|Dhelmise|100/100\n|-ability|p1a: Deoxys|Pressure\n|turn|1\n|\n|t:|1761479430\n|switch|p1a: Iron Treads|Iron Treads|100/100\n|-enditem|p1a: Iron Treads|Booster Energy\n|-activate|p1a: Iron Treads|ability: Quark Drive|[fromitem]\n|-start|p1a: Iron Treads|quarkdrivespe\n|move|p2a: Dhelmise|Anchor Shot|p1a: Iron Treads\n|-resisted|p1a: Iron Treads\n|-crit|p1a: Iron Treads\n|-damage|p1a: Iron Treads|55/100\n|-activate|p1a: Iron Treads|trapped\n|\n|upkeep\n|turn|2\n|\n|t:|1761479442\n|switch|p2a: Corviknight|Corviknight, M|100/100\n|-ability|p2a: Corviknight|Pressure\n|move|p1a: Iron Treads|Ice Spinner|p2a: Corviknight\n|-damage|p2a: Corviknight|86/100\n|\n|-heal|p2a: Corviknight|92/100|[from] item: Leftovers\n|upkeep\n|turn|3\n|\n|t:|1761479449\n|-end|p1a: Iron Treads|Quark Drive|[silent]\n|switch|p1a: Charizard-Prime|Charizard-Prime, F|100/100\n|move|p2a: Corviknight|U-turn|p1a: Charizard-Prime\n|-resisted|p1a: Charizard-Prime\n|-damage|p1a: Charizard-Prime|97/100\n|\n|t:|1761479456\n|switch|p2a: Simipour-Prime|Simipour-Prime, M|100/100|[from] U-turn\n|\n|upkeep\n|turn|4\n|\n|t:|1761479462\n|switch|p1a: Florges|Florges, F|100/100\n|move|p2a: Simipour-Prime|Rock Slide|p1a: Florges\n|-damage|p1a: Florges|66/100\n|\n|upkeep\n|turn|5\n|\n|t:|1761479468\n|switch|p2a: Dhelmise|Dhelmise|100/100\n|move|p1a: Florges|Wish|p1a: Florges\n|\n|upkeep\n|turn|6\n|\n|t:|1761479474\n|switch|p1a: Hydrapple|Hydrapple, F|100/100\n|move|p2a: Dhelmise|Poltergeist|p1a: Hydrapple\n|-activate|p1a: Hydrapple|move: Poltergeist|Assault Vest\n|-damage|p1a: Hydrapple|25/100\n|\n|-heal|p1a: Hydrapple|68/100|[from] move: Wish|[wisher] Florges\n|upkeep\n|turn|7\n|\n|t:|1761479482\n|switch|p1a: Iron Treads|Iron Treads|55/100\n|move|p2a: Dhelmise|Poltergeist||[still]\n|-fail|p2a: Dhelmise\n|\n|upkeep\n|turn|8\n|\n|t:|1761479497\n|-end|p1a: Iron Treads|Quark Drive|[silent]\n|switch|p1a: Florges|Florges, F|66/100\n|switch|p2a: Corviknight|Corviknight, M|92/100\n|-ability|p2a: Corviknight|Pressure\n|\n|-heal|p2a: Corviknight|99/100|[from] item: Leftovers\n|upkeep\n|turn|9\n|\n|t:|1761479501\n|move|p1a: Florges|Wish|p1a: Florges\n|move|p2a: Corviknight|U-turn|p1a: Florges\n|-resisted|p1a: Florges\n|-damage|p1a: Florges|56/100\n|\n|t:|1761479516\n|switch|p2a: Blaziken|Blaziken, F|100/100|[from] U-turn\n|\n|upkeep\n|turn|10\n|\n|t:|1761479542\n|switch|p1a: Hydrapple|Hydrapple, F|100/100\n|move|p2a: Blaziken|Swords Dance|p2a: Blaziken\n|-boost|p2a: Blaziken|atk|2\n|\n|-ability|p2a: Blaziken|Speed Boost|boost\n|-boost|p2a: Blaziken|spe|1\n|upkeep\n|turn|11\n|\n|t:|1761479582\n|-terastallize|p1a: Hydrapple|Water\n|move|p2a: Blaziken|Swords Dance|p2a: Blaziken\n|-boost|p2a: Blaziken|atk|2\n|move|p1a: Hydrapple|Hydro Pump|p2a: Blaziken\n|-supereffective|p2a: Blaziken\n|-damage|p2a: Blaziken|0 fnt\n|faint|p2a: Blaziken\n|\n|upkeep\n|\n|t:|1761479586\n|switch|p2a: Dhelmise|Dhelmise|100/100\n|turn|12\n|\n|t:|1761479607\n|switch|p1a: Deoxys|Deoxys-Speed|100/100\n|-ability|p1a: Deoxys|Pressure\n|move|p2a: Dhelmise|Power Whip|p1a: Deoxys|[miss]\n|-miss|p2a: Dhelmise|p1a: Deoxys\n|\n|upkeep\n|turn|13\n|\n|t:|1761479616\n|switch|p2a: Qwilfish|Qwilfish-Hisui, M|100/100\n|move|p1a: Deoxys|Thunder Wave|p2a: Qwilfish\n|-status|p2a: Qwilfish|par\n|\n|upkeep\n|turn|14\n|\n|t:|1761479620\n|move|p1a: Deoxys|Taunt|p2a: Qwilfish\n|-start|p2a: Qwilfish|move: Taunt\n|cant|p2a: Qwilfish|move: Taunt|Toxic Spikes\n|\n|upkeep\n|turn|15\n|\n|t:|1761479630\n|switch|p1a: Iron Treads|Iron Treads|55/100\n|cant|p2a: Qwilfish|par\n|\n|upkeep\n|turn|16\n|\n|t:|1761479635\n|switch|p2a: Corviknight|Corviknight, M|99/100\n|-ability|p2a: Corviknight|Pressure\n|move|p1a: Iron Treads|Supercell Slam|p2a: Corviknight\n|-supereffective|p2a: Corviknight\n|-damage|p2a: Corviknight|62/100\n|\n|-heal|p2a: Corviknight|68/100|[from] item: Leftovers\n|upkeep\n|turn|17\n|\n|t:|1761479643\n|-end|p1a: Iron Treads|Quark Drive|[silent]\n|switch|p1a: Charizard-Prime|Charizard-Prime, F|97/100\n|move|p2a: Corviknight|U-turn|p1a: Charizard-Prime\n|-resisted|p1a: Charizard-Prime\n|-damage|p1a: Charizard-Prime|93/100\n|\n|t:|1761479645\n|switch|p2a: Simipour-Prime|Simipour-Prime, M|100/100|[from] U-turn\n|\n|upkeep\n|turn|18\n|\n|t:|1761479651\n|switch|p1a: Hydrapple|Hydrapple, F, tera:Water|100/100\n|move|p2a: Simipour-Prime|Rock Slide|p1a: Hydrapple\n|-damage|p1a: Hydrapple|81/100\n|\n|upkeep\n|turn|19\n|\n|t:|1761479660\n|switch|p1a: Florges|Florges, F|56/100\n|move|p2a: Simipour-Prime|Energy Ball|p1a: Florges\n|-damage|p1a: Florges|44/100\n|\n|upkeep\n|turn|20\n|\n|t:|1761479668\n|switch|p2a: Regigigas-Prime|Regigigas-Prime|100/100\n|move|p1a: Florges|Wish|p1a: Florges\n|\n|upkeep\n|turn|21\n|\n|t:|1761479671\n|switch|p1a: Swampert-Prime|Swampert-Prime, M|100/100\n|move|p2a: Regigigas-Prime|Substitute|p2a: Regigigas-Prime\n|-start|p2a: Regigigas-Prime|Substitute\n|-damage|p2a: Regigigas-Prime|75/100\n|\n|-heal|p2a: Regigigas-Prime|82/100|[from] item: Leftovers\n|upkeep\n|turn|22\n|\n|t:|1761479674\n|move|p2a: Regigigas-Prime|Power-Up Punch|p1a: Swampert-Prime\n|-damage|p1a: Swampert-Prime|89/100\n|-boost|p2a: Regigigas-Prime|atk|1\n|-damage|p2a: Regigigas-Prime|65/100|[from] item: Rocky Helmet|[of] p1a: Swampert-Prime\n|move|p1a: Swampert-Prime|Bulk Up|p1a: Swampert-Prime\n|-boost|p1a: Swampert-Prime|atk|1\n|-boost|p1a: Swampert-Prime|def|1\n|\n|-heal|p2a: Regigigas-Prime|71/100|[from] item: Leftovers\n|upkeep\n|turn|23\n|\n|t:|1761479679\n|move|p2a: Regigigas-Prime|Power-Up Punch|p1a: Swampert-Prime\n|-damage|p1a: Swampert-Prime|77/100\n|-boost|p2a: Regigigas-Prime|atk|1\n|-damage|p2a: Regigigas-Prime|55/100|[from] item: Rocky Helmet|[of] p1a: Swampert-Prime\n|move|p1a: Swampert-Prime|Bulk Up|p1a: Swampert-Prime\n|-boost|p1a: Swampert-Prime|atk|1\n|-boost|p1a: Swampert-Prime|def|1\n|\n|-heal|p2a: Regigigas-Prime|61/100|[from] item: Leftovers\n|upkeep\n|turn|24\n|\n|t:|1761479688\n|move|p2a: Regigigas-Prime|Return|p1a: Swampert-Prime\n|-damage|p1a: Swampert-Prime|35/100\n|-damage|p2a: Regigigas-Prime|44/100|[from] item: Rocky Helmet|[of] p1a: Swampert-Prime\n|move|p1a: Swampert-Prime|Aqua Step|p2a: Regigigas-Prime\n|-crit|p2a: Regigigas-Prime\n|-end|p2a: Regigigas-Prime|Substitute\n|-boost|p1a: Swampert-Prime|spe|1\n|\n|-heal|p2a: Regigigas-Prime|51/100|[from] item: Leftovers\n|upkeep\n|turn|25\n|\n|t:|1761479697\n|move|p1a: Swampert-Prime|Shore Up|p1a: Swampert-Prime\n|-heal|p1a: Swampert-Prime|85/100\n|move|p2a: Regigigas-Prime|Return|p1a: Swampert-Prime\n|-damage|p1a: Swampert-Prime|42/100\n|-damage|p2a: Regigigas-Prime|34/100|[from] item: Rocky Helmet|[of] p1a: Swampert-Prime\n|\n|-heal|p2a: Regigigas-Prime|40/100|[from] item: Leftovers\n|upkeep\n|turn|26\n|\n|t:|1761479712\n|move|p1a: Swampert-Prime|Shore Up|p1a: Swampert-Prime\n|-heal|p1a: Swampert-Prime|92/100\n|move|p2a: Regigigas-Prime|Return|p1a: Swampert-Prime\n|-damage|p1a: Swampert-Prime|50/100\n|-damage|p2a: Regigigas-Prime|24/100|[from] item: Rocky Helmet|[of] p1a: Swampert-Prime\n|\n|-heal|p2a: Regigigas-Prime|30/100|[from] item: Leftovers\n|upkeep\n|turn|27\n|\n|t:|1761479724\n|move|p1a: Swampert-Prime|Aqua Step|p2a: Regigigas-Prime\n|-damage|p2a: Regigigas-Prime|0 fnt\n|-boost|p1a: Swampert-Prime|spe|1\n|faint|p2a: Regigigas-Prime\n|\n|upkeep\n|\n|t:|1761479726\n|switch|p2a: Dhelmise|Dhelmise|100/100\n|turn|28\n|\n|t:|1761479728\n|move|p1a: Swampert-Prime|Mountain Gale|p2a: Dhelmise\n|-supereffective|p2a: Dhelmise\n|-damage|p2a: Dhelmise|0 fnt\n|faint|p2a: Dhelmise\n|\n|upkeep\n|\n|t:|1761479732\n|switch|p2a: Corviknight|Corviknight, M|68/100\n|-ability|p2a: Corviknight|Pressure\n|turn|29\n|\n|t:|1761479736\n|move|p1a: Swampert-Prime|Aqua Step|p2a: Corviknight\n|-damage|p2a: Corviknight|22/100\n|-boost|p1a: Swampert-Prime|spe|1\n|move|p2a: Corviknight|Roost|p2a: Corviknight\n|-heal|p2a: Corviknight|72/100\n|-singleturn|p2a: Corviknight|move: Roost\n|\n|-heal|p2a: Corviknight|78/100|[from] item: Leftovers\n|upkeep\n|turn|30\n|\n|t:|1761479741\n|move|p1a: Swampert-Prime|Bulk Up|p1a: Swampert-Prime\n|-boost|p1a: Swampert-Prime|atk|1\n|-boost|p1a: Swampert-Prime|def|1\n|move|p2a: Corviknight|Brave Bird|p1a: Swampert-Prime\n|-damage|p1a: Swampert-Prime|41/100\n|-damage|p2a: Corviknight|62/100|[from] item: Rocky Helmet|[of] p1a: Swampert-Prime\n|-damage|p2a: Corviknight|59/100|[from] Recoil\n|\n|-heal|p2a: Corviknight|65/100|[from] item: Leftovers\n|upkeep\n|turn|31\n|\n|t:|1761479746\n|switch|p2a: Simipour-Prime|Simipour-Prime, M|100/100\n|move|p1a: Swampert-Prime|Aqua Step|p2a: Simipour-Prime\n|-resisted|p2a: Simipour-Prime\n|-damage|p2a: Simipour-Prime|37/100\n|-boost|p1a: Swampert-Prime|spe|1\n|-enditem|p2a: Simipour-Prime|Sitrus Berry|[eat]\n|-heal|p2a: Simipour-Prime|62/100|[from] item: Sitrus Berry\n|\n|upkeep\n|turn|32\n|\n|t:|1761479750\n|move|p1a: Swampert-Prime|Aqua Step|p2a: Simipour-Prime\n|-resisted|p2a: Simipour-Prime\n|-damage|p2a: Simipour-Prime|0 fnt\n|-boost|p1a: Swampert-Prime|spe|1\n|faint|p2a: Simipour-Prime\n|\n|upkeep\n|c|☆caeriselene|ggs\n|\n|t:|1761479755\n|switch|p2a: Corviknight|Corviknight, M|65/100\n|-ability|p2a: Corviknight|Pressure\n|turn|33\n|\n|t:|1761479756\n|move|p1a: Swampert-Prime|Aqua Step|p2a: Corviknight\n|-damage|p2a: Corviknight|3/100\n|-boost|p1a: Swampert-Prime|spe|1\n|move|p2a: Corviknight|U-turn|p1a: Swampert-Prime\n|-damage|p1a: Swampert-Prime|38/100\n|-damage|p2a: Corviknight|0 fnt|[from] item: Rocky Helmet|[of] p1a: Swampert-Prime\n|faint|p2a: Corviknight\n|\n|upkeep\n|\n|t:|1761479758\n|switch|p2a: Qwilfish|Qwilfish-Hisui, M|100/100 par\n|turn|34\n|\n|t:|1761479762\n|move|p1a: Swampert-Prime|Aqua Step|p2a: Qwilfish\n|-damage|p2a: Qwilfish|44/100 par\n|-status|p1a: Swampert-Prime|psn|[from] ability: Poison Point|[of] p2a: Qwilfish\n|move|p2a: Qwilfish|Pain Split|p1a: Swampert-Prime\n|-sethp|p1a: Swampert-Prime|35/100 psn|[from] move: Pain Split|[silent]\n|-sethp|p2a: Qwilfish|47/100 par|[from] move: Pain Split\n|\n|-damage|p1a: Swampert-Prime|23/100 psn|[from] psn\n|upkeep\n|turn|35\n|\n|t:|1761479767\n|move|p1a: Swampert-Prime|Aqua Step|p2a: Qwilfish\n|-damage|p2a: Qwilfish|0 fnt\n|faint|p2a: Qwilfish\n|\n|win|FrogadierDucklett\n|c|☆FrogadierDucklett|ggs\n","players":["FrogadierDucklett","caeriselene"],"format":"[Gen 9] NatDex Draft","rating":null,"private":0,"password":null,"inputlog":">version f5040886e674df30a81d8aa6703a640b23e7a073\n>start {\"formatid\":\"gen9natdexdraft@@@Tera Type Preview\",\"seed\":\"sodium,7c1858cd374e9f82fc9469b8ec42d14d\"}\n>player p1 {\"name\":\"FrogadierDucklett\",\"avatar\":\"169\",\"team\":\"Swampert-Prime||RockyHelmet|Regenerator|BulkUp,ShoreUp,AquaStep,MountainGale|Adamant|252,80,176,,,|M||||,,,,,Water]Charizard-Prime||ChoiceSpecs|BeastBoost|FireBlast,Flamethrower,Aeroblast,EarthPower|Timid|,,,252,4,252|F|,0,,,,|||,,,,,Fire]Hydrapple||AssaultVest|Regenerator|GigaDrain,FickleBeam,HydroPump,DragonTail|Quiet|240,,,172,96,|F||||,,,,,Water]Iron Treads||BoosterEnergy|QuarkDrive|IceSpinner,SupercellSlam,RapidSpin,Earthquake|Jolly|,252,,,4,252|N||||,,,,,Ground]Deoxys|DeoxysSpeed|RockyHelmet|Pressure|Spikes,ThunderWave,Taunt,NightShade|Bold|248,,228,,,32|N|,0,,,,|||,,,,,Psychic]Florges||HeavyDutyBoots|FlowerVeil|Wish,Protect,Moonblast,Defog|Calm|248,,,40,212,8|F|,0,,,,|||,,,,,Fairy\",\"rating\":0}\n>player p2 {\"name\":\"caeriselene\",\"avatar\":\"2\",\"team\":\"Blaziken||Leftovers|SpeedBoost|StoneEdge,TeraBlast,CloseCombat,SwordsDance|Lonely|,252,,4,,252|F||||,,,,,Fire]Qwilfish|QwilfishHisui|Eviolite|PoisonPoint|BarbBarrage,ToxicSpikes,Spikes,PainSplit|Impish|252,4,252,,,|M||||,,,,,Dark]Regigigas-Prime||Leftovers|Scrappy|Return,Substitute,PowerUpPunch,Obstruct|Adamant|252,164,,,32,60|N||||,,,,,Normal]Simipour-Prime||SitrusBerry|SapSipper|EnergyBall,IceBeam,RockSlide,Scald|Hasty|,252,,4,,252|M||||,,,,,Water]Corviknight||Leftovers|Pressure|Uturn,BraveBird,BodyPress,Roost|Impish|252,4,252,,,|M||||,,,,,Flying]Dhelmise||ChoiceBand|Steelworker|Poltergeist,AnchorShot,Switcheroo,PowerWhip|Adamant|248,252,,,8,|N||||,,,,,Ghost\",\"rating\":0}\n>chat ☆FrogadierDucklett|glhf!\n>chat ☆caeriselene|goodluck have fun\n>p1 team 5, 2, 3, 4, 1, 6\n>p2 team 6, 2, 3, 4, 5, 1\n>p1 switch 4\n>p2 move anchorshot\n>p1 move icespinner\n>p2 switch 5\n>p1 switch 2\n>p2 move uturn\n>p2 switch 4\n>p1 switch 6\n>p2 move rockslide\n>p1 move wish\n>p2 switch 5\n>p1 switch 3\n>p2 move poltergeist\n>p1 switch 2\n>p2 move poltergeist\n>p1 switch 3\n>p2 switch 4\n>p1 move wish\n>p2 move uturn\n>p2 switch 6\n>p1 switch 2\n>p2 move swordsdance\n>p1 move hydropump terastallize\n>p2 move swordsdance\n>p2 switch 4\n>p1 switch 4\n>p2 move powerwhip\n>p1 move thunderwave\n>p2 switch 2\n>p1 move taunt\n>p2 move toxicspikes\n>p1 switch 3\n>p2 move barbbarrage\n>p1 move supercellslam\n>p2 switch 6\n>p1 switch 6\n>p2 move uturn\n>p2 switch 5\n>p1 switch 4\n>p2 move rockslide\n>p1 switch 2\n>p2 move energyball\n>p1 move wish\n>p2 switch 3\n>p1 switch 5\n>p2 move substitute\n>p1 move bulkup\n>p2 move poweruppunch\n>p1 move bulkup\n>p2 move poweruppunch\n>p1 move aquastep\n>p2 move return\n>p1 move shoreup\n>p2 move return\n>p1 move shoreup\n>p2 move return\n>p1 move aquastep\n>p2 move return\n>p2 switch 2\n>p1 move mountaingale\n>p2 move powerwhip\n>p2 switch 5\n>p1 move aquastep\n>p2 move roost\n>p1 move bulkup\n>p2 move bravebird\n>p1 move aquastep\n>p2 switch 3\n>p1 move aquastep\n>p2 move energyball\n>chat ☆caeriselene|ggs\n>p2 switch 3\n>p1 move aquastep\n>p2 move uturn\n>p2 switch 6\n>p1 move aquastep\n>p2 move painsplit\n>p1 move aquastep\n>p2 move toxicspikes","uploadtime":1761479787}