{"id":"gen9natdexdraft-116","log":"|j|☆ElysianSoul222\n|j|☆gyrejcnsakd\n|t:|1761384470\n|gametype|singles\n|player|p1|ElysianSoul222|skierf|\n|player|p2|gyrejcnsakd|265|\n|gen|9\n|tier|[Gen 9] NatDex Draft\n|rule|Tera Type Preview: Tera Types are shown at Team Preview\n|rule|Sleep Clause Mod: Limit one foe put to sleep\n|rule|OHKO Clause: OHKO moves are banned\n|rule|Evasion Clause: Evasion abilities, items, and moves are banned\n|rule|Evasion Abilities Clause: Evasion abilities are banned\n|rule|Evasion Items Clause: Evasion items are banned\n|rule|Evasion Moves Clause: Evasion moves are banned\n|rule|Endless Battle Clause: Forcing endless battles is banned\n|rule|HP Percentage Mod: HP is shown in percentages\n|raw|<div class=\"infobox\"><details class=\"readmore\" open><summary><strong>1 custom rule:</strong></summary> Tera Type Preview</details></div>\n|clearpoke\n|poke|p1|Blastoise, M|\n|poke|p1|Dragapult, F|\n|poke|p1|Nidoqueen, F|\n|poke|p1|Mandibuzz-Prime, F|\n|poke|p1|Melmetal|\n|poke|p1|Iron Valiant|\n|poke|p2|Blaziken-Prime, F|\n|poke|p2|Venusaur-Prime, F|\n|poke|p2|Ninetales, M|\n|poke|p2|Garganacl, M|\n|poke|p2|Walking Wake|\n|poke|p2|Brute Bonnet|\n|raw|ElysianSoul222's Tera Types:<br /><psicon pokemon=\"blastoise\" /><psicon type=\"Water\" /> / <psicon pokemon=\"dragapult\" /><psicon type=\"Dragon\" /> / <psicon pokemon=\"nidoqueen\" /><psicon type=\"Poison\" /> / <psicon pokemon=\"mandibuzzprime\" /><psicon type=\"Dark\" /> / <psicon pokemon=\"melmetal\" /><psicon type=\"Dragon\" /> / <psicon pokemon=\"ironvaliant\" /><psicon type=\"Fairy\" />\n|raw|gyrejcnsakd's Tera Types:<br /><psicon pokemon=\"blazikenprime\" /><psicon type=\"Fire\" /> / <psicon pokemon=\"venusaurprime\" /><psicon type=\"Grass\" /> / <psicon pokemon=\"ninetales\" /><psicon type=\"Fire\" /> / <psicon pokemon=\"garganacl\" /><psicon type=\"Ghost\" /> / <psicon pokemon=\"walkingwake\" /><psicon type=\"Steel\" /> / <psicon pokemon=\"brutebonnet\" /><psicon type=\"Grass\" />\n|teampreview\n|c|☆gyrejcnsakd|glhf :)\n|c|☆ElysianSoul222|u2\n|\n|t:|1761384519\n|teamsize|p1|6\n|teamsize|p2|6\n|start\n|switch|p1a: Nidoqueen|Nidoqueen, F|100/100\n|switch|p2a: Ninetales|Ninetales, M|100/100\n|-weather|SunnyDay|[from] ability: Drought|[of] p2a: Ninetales\n|turn|1\n|\n|t:|1761384529\n|move|p1a: Nidoqueen|Stealth Rock|p2a: Ninetales\n|-sidestart|p2: gyrejcnsakd|move: Stealth Rock\n|move|p2a: Ninetales|Psyshock|p1a: Nidoqueen\n|-supereffective|p1a: Nidoqueen\n|-damage|p1a: Nidoqueen|66/100\n|\n|-weather|SunnyDay|[upkeep]\n|upkeep\n|turn|2\n|\n|t:|1761384541\n|move|p1a: Nidoqueen|Earth Power|p2a: Ninetales\n|-supereffective|p2a: Ninetales\n|-damage|p2a: Ninetales|30/100\n|move|p2a: Ninetales|Scorching Sands|p1a: Nidoqueen\n|-supereffective|p1a: Nidoqueen\n|-damage|p1a: Nidoqueen|37/100\n|-status|p1a: Nidoqueen|brn\n|\n|-weather|SunnyDay|[upkeep]\n|-damage|p1a: Nidoqueen|31/100 brn|[from] brn\n|upkeep\n|turn|3\n|\n|t:|1761384576\n|switch|p2a: Walking Wake|Walking Wake|100/100\n|-damage|p2a: Walking Wake|88/100|[from] Stealth Rock\n|-activate|p2a: Walking Wake|ability: Protosynthesis\n|-start|p2a: Walking Wake|protosynthesisspa\n|move|p1a: Nidoqueen|Sludge Wave|p2a: Walking Wake\n|-damage|p2a: Walking Wake|30/100\n|\n|-weather|SunnyDay|[upkeep]\n|-damage|p1a: Nidoqueen|24/100 brn|[from] brn\n|upkeep\n|turn|4\n|\n|t:|1761384592\n|move|p2a: Walking Wake|Dragon Pulse|p1a: Nidoqueen\n|-damage|p1a: Nidoqueen|0 fnt\n|faint|p1a: Nidoqueen\n|\n|-weather|SunnyDay|[upkeep]\n|upkeep\n|\n|t:|1761384601\n|switch|p1a: Blastoise|Blastoise, M|100/100\n|turn|5\n|\n|t:|1761384612\n|detailschange|p1a: Blastoise|Blastoise-Mega, M\n|-mega|p1a: Blastoise|Blastoise|Blastoisinite\n|move|p2a: Walking Wake|Hydro Steam|p1a: Blastoise\n|-resisted|p1a: Blastoise\n|-damage|p1a: Blastoise|76/100\n|move|p1a: Blastoise|Aura Sphere|p2a: Walking Wake\n|-damage|p2a: Walking Wake|0 fnt\n|faint|p2a: Walking Wake\n|-end|p2a: Walking Wake|Protosynthesis|[silent]\n|\n|-weather|SunnyDay|[upkeep]\n|upkeep\n|\n|t:|1761384625\n|switch|p2a: Blaziken-Prime|Blaziken-Prime, F|100/100\n|-damage|p2a: Blaziken-Prime|88/100|[from] Stealth Rock\n|turn|6\n|\n|t:|1761384640\n|switch|p1a: Mandibuzz-Prime|Mandibuzz-Prime, F|100/100\n|move|p2a: Blaziken-Prime|Brave Bird|p1a: Mandibuzz-Prime\n|-damage|p1a: Mandibuzz-Prime|80/100\n|-damage|p2a: Blaziken-Prime|79/100|[from] Recoil\n|\n|-weather|SunnyDay|[upkeep]\n|-heal|p2a: Blaziken-Prime|85/100|[from] item: Leftovers\n|-ability|p2a: Blaziken-Prime|Speed Boost|boost\n|-boost|p2a: Blaziken-Prime|spe|1\n|upkeep\n|turn|7\n|c|☆gyrejcnsakd|only 20%!?\n|\n|t:|1761384665\n|move|p2a: Blaziken-Prime|Blaze Kick|p1a: Mandibuzz-Prime\n|-damage|p1a: Mandibuzz-Prime|60/100\n|move|p1a: Mandibuzz-Prime|Whirlwind|p2a: Blaziken-Prime\n|drag|p2a: Ninetales|Ninetales, M|30/100\n|-damage|p2a: Ninetales|5/100|[from] Stealth Rock\n|\n|-weather|SunnyDay|[upkeep]\n|upkeep\n|turn|8\n|\n|t:|1761384675\n|move|p1a: Mandibuzz-Prime|Roost|p1a: Mandibuzz-Prime\n|-heal|p1a: Mandibuzz-Prime|100/100\n|-singleturn|p1a: Mandibuzz-Prime|move: Roost\n|move|p2a: Ninetales|Flamethrower|p1a: Mandibuzz-Prime\n|-damage|p1a: Mandibuzz-Prime|88/100\n|\n|-weather|none\n|upkeep\n|turn|9\n|\n|t:|1761384692\n|move|p1a: Mandibuzz-Prime|U-turn|p2a: Ninetales\n|-resisted|p2a: Ninetales\n|-damage|p2a: Ninetales|0 fnt\n|faint|p2a: Ninetales\n|\n|t:|1761384704\n|switch|p1a: Blastoise|Blastoise-Mega, M|76/100|[from] U-turn\n|\n|upkeep\n|\n|t:|1761384730\n|switch|p2a: Garganacl|Garganacl, M|100/100\n|-damage|p2a: Garganacl|88/100|[from] Stealth Rock\n|turn|10\n|\n|t:|1761384751\n|switch|p1a: Melmetal|Melmetal|100/100\n|-terastallize|p2a: Garganacl|Ghost\n|move|p2a: Garganacl|Salt Cure|p1a: Melmetal\n|-resisted|p1a: Melmetal\n|-damage|p1a: Melmetal|97/100\n|\n|-heal|p2a: Garganacl|94/100|[from] item: Leftovers\n|upkeep\n|turn|11\n|\n|t:|1761384764\n|move|p1a: Melmetal|Double Iron Bash|p2a: Garganacl\n|-damage|p2a: Garganacl|65/100\n|-damage|p2a: Garganacl|40/100\n|-hitcount|p2a: Garganacl|2\n|cant|p2a: Garganacl|flinch\n|\n|-heal|p2a: Garganacl|46/100|[from] item: Leftovers\n|upkeep\n|turn|12\n|c|☆gyrejcnsakd|welp, gg lol\n|\n|t:|1761384779\n|move|p1a: Melmetal|Double Iron Bash|p2a: Garganacl\n|-damage|p2a: Garganacl|18/100\n|-damage|p2a: Garganacl|0 fnt\n|faint|p2a: Garganacl\n|-hitcount|p2: Garganacl|2\n|\n|upkeep\n|\n|t:|1761384794\n|switch|p2a: Brute Bonnet|Brute Bonnet|100/100\n|-damage|p2a: Brute Bonnet|88/100|[from] Stealth Rock\n|-enditem|p2a: Brute Bonnet|Booster Energy\n|-activate|p2a: Brute Bonnet|ability: Protosynthesis|[fromitem]\n|-start|p2a: Brute Bonnet|protosynthesisatk\n|turn|13\n|\n|t:|1761384823\n|switch|p1a: Blastoise|Blastoise-Mega, M|76/100\n|move|p2a: Brute Bonnet|Close Combat|p1a: Blastoise\n|-damage|p1a: Blastoise|28/100\n|-unboost|p2a: Brute Bonnet|def|1\n|-unboost|p2a: Brute Bonnet|spd|1\n|\n|upkeep\n|turn|14\n|c|☆gyrejcnsakd|I might drop out after this.  never had much fun with this div\n|\n|t:|1761384857\n|move|p1a: Blastoise|Aura Sphere|p2a: Brute Bonnet\n|-supereffective|p2a: Brute Bonnet\n|-damage|p2a: Brute Bonnet|0 fnt\n|faint|p2a: Brute Bonnet\n|-end|p2a: Brute Bonnet|Protosynthesis|[silent]\n|\n|upkeep\n|\n|t:|1761384860\n|switch|p2a: Venusaur-Prime|Venusaur-Prime, F|100/100\n|-damage|p2a: Venusaur-Prime|88/100|[from] Stealth Rock\n|turn|15\n|\n|t:|1761384868\n|move|p2a: Venusaur-Prime|Matcha Gotcha|p1a: Blastoise\n|-supereffective|p1a: Blastoise\n|-damage|p1a: Blastoise|0 fnt\n|-heal|p2a: Venusaur-Prime|100/100|[from] drain|[of] p1a: Blastoise\n|faint|p1a: Blastoise\n|detailschange|p1: Blastoise|Blastoise, M|[silent]\n|\n|upkeep\n|\n|t:|1761384875\n|switch|p1a: Melmetal|Melmetal|97/100\n|turn|16\n|\n|t:|1761384882\n|move|p2a: Venusaur-Prime|Sappy Seed|p1a: Melmetal\n|-resisted|p1a: Melmetal\n|-damage|p1a: Melmetal|88/100\n|-start|p1a: Melmetal|move: Leech Seed\n|move|p1a: Melmetal|Double Iron Bash|p2a: Venusaur-Prime\n|-damage|p2a: Venusaur-Prime|54/100\n|-damage|p2a: Venusaur-Prime|8/100\n|-hitcount|p2a: Venusaur-Prime|2\n|\n|-damage|p1a: Melmetal|76/100|[from] Leech Seed|[of] p2a: Venusaur-Prime\n|-heal|p2a: Venusaur-Prime|24/100|[silent]\n|upkeep\n|turn|17\n|\n|t:|1761384894\n|move|p2a: Venusaur-Prime|Matcha Gotcha|p1a: Melmetal\n|-resisted|p1a: Melmetal\n|-damage|p1a: Melmetal|58/100\n|-heal|p2a: Venusaur-Prime|36/100|[from] drain|[of] p1a: Melmetal\n|move|p1a: Melmetal|Earthquake|p2a: Venusaur-Prime\n|-damage|p2a: Venusaur-Prime|0 fnt\n|faint|p2a: Venusaur-Prime\n|\n|upkeep\n|\n|t:|1761384902\n|switch|p2a: Blaziken-Prime|Blaziken-Prime, F|85/100\n|-damage|p2a: Blaziken-Prime|73/100|[from] Stealth Rock\n|turn|18\n|\n|t:|1761384908\n|-terastallize|p1a: Melmetal|Dragon\n|move|p2a: Blaziken-Prime|Close Combat|p1a: Melmetal\n|-damage|p1a: Melmetal|16/100\n|-unboost|p2a: Blaziken-Prime|def|1\n|-unboost|p2a: Blaziken-Prime|spd|1\n|move|p1a: Melmetal|Earthquake|p2a: Blaziken-Prime\n|-supereffective|p2a: Blaziken-Prime\n|-damage|p2a: Blaziken-Prime|0 fnt\n|faint|p2a: Blaziken-Prime\n|\n|win|ElysianSoul222\n|l|☆gyrejcnsakd\n|player|p2|\n|c|☆ElysianSoul222|gg\n","players":["ElysianSoul222","gyrejcnsakd"],"format":"[Gen 9] NatDex Draft","rating":null,"private":1,"password":"fomv8r6wxjo1nk5hncon1j7nh0k2jrr","inputlog":">version f5040886e674df30a81d8aa6703a640b23e7a073\n>start {\"formatid\":\"gen9natdexdraft@@@Tera Type Preview\",\"seed\":\"sodium,5b2e0df0626bad703668127f352add60\"}\n>player p1 {\"name\":\"ElysianSoul222\",\"avatar\":\"skierf\",\"team\":\"Blastoise||Blastoisinite|Torrent|RapidSpin,Scald,IceBeam,AuraSphere|Calm|248,,,,244,16|M||||,,,,,Water]Dragapult||Leftovers|Infiltrator|DragonDance,DragonDarts,Substitute,SteelWing|Adamant|128,252,4,,,124|F||||,,,,,Dragon]Nidoqueen||FocusSash|SheerForce|EarthPower,SludgeWave,StealthRock,DragonTail|Timid|60,,,252,,196|F||||,,,,,Poison]Mandibuzz-Prime||HeavyDutyBoots|ThickFat|Uturn,BraveBird,Roost,Whirlwind|Impish|252,,200,,56,|F||||,,,,,Dark]Melmetal||CovertCloak|IronFist|DoubleIronBash,Earthquake,ThunderWave,Facade|Adamant|152,252,,,104,|N||||,,,,,Dragon]Iron Valiant||BoosterEnergy|QuarkDrive|SwordsDance,CloseCombat,KnockOff,Substitute|Jolly|16,252,,,,240|N||||,,,,,Fairy\",\"rating\":0}\n>player p2 {\"name\":\"gyrejcnsakd\",\"avatar\":\"265\",\"team\":\"Blaziken-Prime||Leftovers|SpeedBoost|Protect,BraveBird,BlazeKick,CloseCombat|Adamant|4,252,,,,252|F||||,,,,,Fire]Venusaur-Prime||WideLens|Chlorophyll|KnockOff,SappySeed,MatchaGotcha,MalignantChain|Timid|,4,,252,,252|F||||,,,,,Grass]Ninetales||HeatRock|Drought|DarkPulse,Flamethrower,Psyshock,ScorchingSands|Sassy|252,,216,,40,|M|,0,,,,|||,,,,,Fire]Garganacl||Leftovers|PurifyingSalt|Curse,BodyPress,Recover,SaltCure|Relaxed|252,,8,,248,|M||||,,,,,Ghost]Walking Wake||BoosterEnergy|Protosynthesis|DragonPulse,Flamethrower,HydroSteam,KnockOff|Naive|,4,,252,,252|N||||,,,,,Steel]Brute Bonnet||BoosterEnergy|Protosynthesis|ClearSmog,CloseCombat,Crunch,SeedBomb|Adamant|252,252,4,,,|N||||,,,,,Grass\",\"rating\":0}\n>chat ☆gyrejcnsakd|glhf :)\n>chat ☆ElysianSoul222|u2\n>p1 team 3, 2, 1, 4, 5, 6\n>p2 team 3, 2, 1, 4, 5, 6\n>p1 move stealthrock\n>p2 move psyshock\n>p1 move earthpower\n>p2 move scorchingsands\n>p1 move sludgewave\n>p2 switch 5\n>p1 move dragontail\n>p2 move dragonpulse\n>p1 switch 3\n>p1 move aurasphere mega\n>p2 move hydrosteam\n>p2 switch 3\n>p1 switch 4\n>p2 move bravebird\n>chat ☆gyrejcnsakd|only 20%!?\n>p1 move whirlwind\n>p2 move blazekick\n>p1 move roost\n>p2 move flamethrower\n>p1 move uturn\n>p2 move flamethrower\n>p1 switch 4\n>p2 switch 4\n>p1 switch 5\n>p2 move saltcure terastallize\n>p1 move doubleironbash\n>p2 move bodypress\n>chat ☆gyrejcnsakd|welp, gg lol\n>p1 move doubleironbash\n>p2 move recover\n>p2 switch 6\n>p1 switch 5\n>p2 move closecombat\n>chat ☆gyrejcnsakd|I might drop out after this.  never had much fun with this div\n>p1 move aurasphere\n>p2 move seedbomb\n>p2 switch 2\n>p1 move icebeam\n>p2 move matchagotcha\n>p1 switch 5\n>p1 move doubleironbash\n>p2 move sappyseed\n>p1 move earthquake\n>p2 move matchagotcha\n>p2 switch 5\n>p1 move earthquake terastallize\n>p2 move closecombat","uploadtime":1761384914}