{"id":"gen9natdexdraft-53","log":"|j|☆nachis1225\n|j|☆MastersHideout\n|t:|1760033151\n|gametype|singles\n|player|p1|nachis1225|266|\n|player|p2|MastersHideout|266|\n|gen|9\n|tier|[Gen 9] NatDex Draft\n|rule|Tera Type Preview: Tera Types are shown at Team Preview\n|rule|Sleep Clause Mod: Limit one foe put to sleep\n|rule|OHKO Clause: OHKO moves are banned\n|rule|Evasion Clause: Evasion abilities, items, and moves are banned\n|rule|Evasion Abilities Clause: Evasion abilities are banned\n|rule|Evasion Items Clause: Evasion items are banned\n|rule|Evasion Moves Clause: Evasion moves are banned\n|rule|Endless Battle Clause: Forcing endless battles is banned\n|rule|HP Percentage Mod: HP is shown in percentages\n|raw|<div class=\"infobox\"><details class=\"readmore\" open><summary><strong>1 custom rule:</strong></summary> Tera Type Preview</details></div>\n|clearpoke\n|poke|p1|Corviknight, M|\n|poke|p1|Mienshao-Hoenn, F|\n|poke|p1|Chi-Yu|\n|poke|p1|Hippowdon, M|\n|poke|p1|Baxcalibur, M|\n|poke|p1|Ogerpon-Cornerstone, F|\n|poke|p2|Blissey, F|\n|poke|p2|Zapdos-Galar|\n|poke|p2|Greninja-*, F|\n|poke|p2|Skeledirge, M|\n|poke|p2|Kartana|\n|poke|p2|Excadrill, F|\n|raw|nachis1225's Tera Types:<br /><psicon pokemon=\"corviknight\" /><psicon type=\"Flying\" /> / <psicon pokemon=\"mienshaohoenn\" /><psicon type=\"Normal\" /> / <psicon pokemon=\"chiyu\" /><psicon type=\"Electric\" /> / <psicon pokemon=\"hippowdon\" /><psicon type=\"Ground\" /> / <psicon pokemon=\"baxcalibur\" /><psicon type=\"Dragon\" /> / <psicon pokemon=\"ogerponcornerstone\" /><psicon type=\"Rock\" />\n|raw|MastersHideout's Tera Types:<br /><psicon pokemon=\"blissey\" /><psicon type=\"Bug\" /> / <psicon pokemon=\"zapdosgalar\" /><psicon type=\"Fire\" /> / <psicon pokemon=\"greninja\" /><psicon type=\"Bug\" /> / <psicon pokemon=\"skeledirge\" /><psicon type=\"Fairy\" /> / <psicon pokemon=\"kartana\" /><psicon type=\"Bug\" /> / <psicon pokemon=\"excadrill\" /><psicon type=\"Bug\" />\n|teampreview\n|j|~SparksTheNeo\n|c|☆nachis1225|glhf\n|c|☆MastersHideout|gl hf\n|c|☆MastersHideout|also wtf the calc shows me your sets?\n|c|~SparksTheNeo|no\n|c|☆nachis1225|wait what\n|c|~SparksTheNeo|it's sample showdown sets\n|c|☆MastersHideout|oh ok\n|c|☆nachis1225|oh thank god\n|c|☆MastersHideout|I got scared af\n|c|☆nachis1225|same\n|c|☆nachis1225|how do i open this calc again\n|c|~SparksTheNeo|it should automatically appear on the side\n|c|~SparksTheNeo|unless ur on mobile\n|c|☆nachis1225|alr\n|c|~SparksTheNeo|then it's like a tab in the same area as the lobby?\n|l|☆nachis1225\n|player|p1|\n|j|☆nachis1225\n|player|p1|nachis1225|266|\n|\n|t:|1760033312\n|teamsize|p1|6\n|teamsize|p2|6\n|start\n|switch|p1a: Mienshao-Hoenn|Mienshao-Hoenn, F|100/100\n|switch|p2a: Zapdos|Zapdos-Galar|100/100\n|turn|1\n|j| NottaDoc\n|\n|t:|1760033349\n|-terastallize|p1a: Mienshao-Hoenn|Normal\n|move|p1a: Mienshao-Hoenn|Fake Out|p2a: Zapdos\n|-crit|p2a: Zapdos\n|-damage|p2a: Zapdos|54/100\n|-damage|p1a: Mienshao-Hoenn|91/100|[from] item: Life Orb\n|cant|p2a: Zapdos|flinch\n|\n|upkeep\n|turn|2\n|c| NottaDoc|Regular showdown does that too \n|c|~SparksTheNeo|sheeeesh the tera normal fake out\n|\n|t:|1760033374\n|switch|p1a: Hippowdon|Hippowdon, M|100/100\n|move|p2a: Zapdos|Thunderous Kick|p1a: Hippowdon\n|-damage|p1a: Hippowdon|78/100\n|-unboost|p1a: Hippowdon|def|1\n|\n|-heal|p1a: Hippowdon|84/100|[from] item: Leftovers\n|upkeep\n|turn|3\n|\n|t:|1760033391\n|switch|p2a: Greninja|Greninja, F|100/100\n|move|p1a: Hippowdon|Toxic|p2a: Greninja\n|-status|p2a: Greninja|tox\n|\n|-heal|p1a: Hippowdon|90/100|[from] item: Leftovers\n|-damage|p2a: Greninja|94/100 tox|[from] psn\n|upkeep\n|turn|4\n|\n|t:|1760033425\n|switch|p2a: Kartana|Kartana|100/100\n|switch|p1a: Corviknight|Corviknight, M|100/100\n|-ability|p1a: Corviknight|Pressure\n|\n|upkeep\n|turn|5\n|\n|t:|1760033440\n|switch|p2a: Blissey|Blissey, F|100/100\n|detailschange|p1a: Corviknight|Corviknight-Mega, M\n|-mega|p1a: Corviknight|Corviknight|Corviknightite\n|move|p1a: Corviknight|Hurricane|p2a: Blissey\n|-damage|p2a: Blissey|89/100\n|\n|upkeep\n|turn|6\n|\n|t:|1760033461\n|move|p1a: Corviknight|U-turn|p2a: Blissey\n|-damage|p2a: Blissey|72/100\n|l| NottaDoc\n|\n|t:|1760033473\n|switch|p1a: Hippowdon|Hippowdon, M|90/100|[from] U-turn\n|move|p2a: Blissey|Focus Blast|p1a: Hippowdon\n|-damage|p1a: Hippowdon|64/100\n|\n|-heal|p1a: Hippowdon|70/100|[from] item: Leftovers\n|upkeep\n|turn|7\n|\n|t:|1760033488\n|switch|p2a: Kartana|Kartana|100/100\n|move|p1a: Hippowdon|Stealth Rock|p2a: Kartana\n|-sidestart|p2: MastersHideout|move: Stealth Rock\n|\n|-heal|p1a: Hippowdon|76/100|[from] item: Leftovers\n|upkeep\n|turn|8\n|\n|t:|1760033505\n|switch|p2a: Excadrill|Excadrill, F|100/100\n|-damage|p2a: Excadrill|97/100|[from] Stealth Rock\n|switch|p1a: Corviknight|Corviknight-Mega, M|100/100\n|\n|upkeep\n|turn|9\n|\n|t:|1760033529\n|move|p2a: Excadrill|Rapid Spin|p1a: Corviknight\n|-resisted|p1a: Corviknight\n|-damage|p1a: Corviknight|94/100\n|-boost|p2a: Excadrill|spe|1\n|-sideend|p2: MastersHideout|Stealth Rock|[from] move: Rapid Spin|[of] p2a: Excadrill\n|move|p1a: Corviknight|U-turn|p2a: Excadrill\n|-resisted|p2a: Excadrill\n|-damage|p2a: Excadrill|92/100\n|-enditem|p2a: Excadrill|Jaboca Berry|[eat]\n|-damage|p1a: Corviknight|82/100|[from] item: Jaboca Berry|[of] p2a: Excadrill\n|\n|t:|1760033579\n|switch|p1a: Ogerpon|Ogerpon-Cornerstone, F|100/100|[from] U-turn\n|\n|upkeep\n|turn|10\n|\n|t:|1760033584\n|move|p2a: Excadrill|Iron Head|p1a: Ogerpon\n|-supereffective|p1a: Ogerpon\n|-ability|p1a: Ogerpon|Sturdy\n|-damage|p1a: Ogerpon|1/100\n|move|p1a: Ogerpon|Superpower|p2a: Excadrill\n|-supereffective|p2a: Excadrill\n|-damage|p2a: Excadrill|0 fnt\n|-unboost|p1a: Ogerpon|atk|1\n|-unboost|p1a: Ogerpon|def|1\n|faint|p2a: Excadrill\n|\n|upkeep\n|\n|t:|1760033597\n|switch|p2a: Kartana|Kartana|100/100\n|turn|11\n|j| NottaDoc\n|\n|t:|1760033620\n|switch|p1a: Corviknight|Corviknight-Mega, M|82/100\n|move|p2a: Kartana|Sacred Sword|p1a: Corviknight\n|-damage|p1a: Corviknight|49/100\n|\n|upkeep\n|turn|12\n|\n|t:|1760033634\n|move|p2a: Kartana|Sacred Sword|p1a: Corviknight\n|-damage|p1a: Corviknight|10/100\n|move|p1a: Corviknight|Roost|p1a: Corviknight\n|-heal|p1a: Corviknight|60/100\n|-singleturn|p1a: Corviknight|move: Roost\n|\n|upkeep\n|turn|13\n|j| wizzz7\n|\n|t:|1760033643\n|move|p2a: Kartana|Sacred Sword|p1a: Corviknight\n|-damage|p1a: Corviknight|15/100\n|move|p1a: Corviknight|Roost|p1a: Corviknight\n|-heal|p1a: Corviknight|65/100\n|-singleturn|p1a: Corviknight|move: Roost\n|\n|upkeep\n|turn|14\n|\n|t:|1760033654\n|switch|p1a: Hippowdon|Hippowdon, M|76/100\n|move|p2a: Kartana|Sacred Sword|p1a: Hippowdon\n|-damage|p1a: Hippowdon|41/100\n|\n|-heal|p1a: Hippowdon|47/100|[from] item: Leftovers\n|upkeep\n|turn|15\n|\n|t:|1760033666\n|move|p2a: Kartana|Tailwind|p2a: Kartana\n|-sidestart|p2: MastersHideout|move: Tailwind\n|move|p1a: Hippowdon|Slack Off|p1a: Hippowdon\n|-heal|p1a: Hippowdon|97/100\n|\n|-heal|p1a: Hippowdon|100/100|[from] item: Leftovers\n|upkeep\n|turn|16\n|j| The_Shawdoin\n|c| The_Shawdoin|why would you tail wind no mega clod to crit\n|c|~SparksTheNeo|so true\n|l| NottaDoc\n|\n|t:|1760033759\n|switch|p1a: Mienshao-Hoenn|Mienshao-Hoenn, F, tera:Normal|100/100\n|move|p2a: Kartana|Swords Dance|p2a: Kartana\n|-boost|p2a: Kartana|atk|2\n|\n|upkeep\n|turn|17\n|\n|t:|1760033769\n|move|p1a: Mienshao-Hoenn|Fake Out|p2a: Kartana\n|-resisted|p2a: Kartana\n|-damage|p2a: Kartana|86/100\n|-damage|p1a: Mienshao-Hoenn|91/100|[from] item: Life Orb\n|cant|p2a: Kartana|flinch\n|\n|upkeep\n|turn|18\n|c| The_Shawdoin|i love hello dex showing scarf tailwind sd kart LMAo\n|c| wizzz7|tailwind and fakeout\n|c| wizzz7|this vgc or smth\n|c| The_Shawdoin|Yeah\n|c| The_Shawdoin|when both sides lose 2 pokemon it switches to double battle\n|c|~SparksTheNeo|cant be vgc there's no incineroar\n|\n|t:|1760033836\n|switch|p1a: Corviknight|Corviknight-Mega, M|65/100\n|move|p2a: Kartana|Sacred Sword|p1a: Corviknight\n|-damage|p1a: Corviknight|3/100\n|\n|-sideend|p2: MastersHideout|move: Tailwind\n|upkeep\n|turn|19\n|\n|t:|1760033847\n|move|p2a: Kartana|Sacred Sword|p1a: Corviknight\n|-damage|p1a: Corviknight|0 fnt\n|faint|p1a: Corviknight\n|detailschange|p1: Corviknight|Corviknight, M|[silent]\n|-ability|p2a: Kartana|Beast Boost|boost\n|-boost|p2a: Kartana|atk|1\n|\n|upkeep\n|\n|t:|1760033853\n|switch|p1a: Ogerpon|Ogerpon-Cornerstone, F|1/100\n|turn|20\n|\n|t:|1760033872\n|switch|p2a: Zapdos|Zapdos-Galar|54/100\n|move|p1a: Ogerpon|Superpower|p2a: Zapdos\n|-resisted|p2a: Zapdos\n|-damage|p2a: Zapdos|29/100\n|-unboost|p1a: Ogerpon|atk|1\n|-unboost|p1a: Ogerpon|def|1\n|\n|upkeep\n|turn|21\n|\n|t:|1760033886\n|switch|p1a: Hippowdon|Hippowdon, M|100/100\n|move|p2a: Zapdos|U-turn|p1a: Hippowdon\n|-damage|p1a: Hippowdon|87/100\n|\n|t:|1760033897\n|switch|p2a: Greninja|Greninja, F|94/100 tox|[from] U-turn\n|\n|-heal|p1a: Hippowdon|93/100|[from] item: Leftovers\n|-damage|p2a: Greninja|88/100 tox|[from] psn\n|upkeep\n|turn|22\n|\n|t:|1760033912\n|detailschange|p2a: Greninja|Greninja-Mega, F\n|-mega|p2a: Greninja|Greninja|Greninjite\n|move|p2a: Greninja|Surf|p1a: Hippowdon\n|-supereffective|p1a: Hippowdon\n|-damage|p1a: Hippowdon|0 fnt\n|faint|p1a: Hippowdon\n|\n|-damage|p2a: Greninja|76/100 tox|[from] psn\n|upkeep\n|\n|t:|1760033931\n|switch|p1a: Baxcalibur|Baxcalibur, M|100/100\n|turn|23\n|\n|t:|1760034005\n|switch|p2a: Blissey|Blissey, F|72/100\n|move|p1a: Baxcalibur|Dragon Dance|p1a: Baxcalibur\n|-boost|p1a: Baxcalibur|atk|1\n|-boost|p1a: Baxcalibur|spe|1\n|\n|upkeep\n|turn|24\n|\n|t:|1760034048\n|move|p1a: Baxcalibur|Dragon Dance|p1a: Baxcalibur\n|-boost|p1a: Baxcalibur|atk|1\n|-boost|p1a: Baxcalibur|spe|1\n|move|p2a: Blissey|Focus Blast|p1a: Baxcalibur\n|-supereffective|p1a: Baxcalibur\n|-damage|p1a: Baxcalibur|44/100\n|\n|upkeep\n|turn|25\n|\n|t:|1760034058\n|move|p1a: Baxcalibur|Glaive Rush|p2a: Blissey\n|-damage|p2a: Blissey|0 fnt\n|-singlemove|p1a: Baxcalibur|Glaive Rush|[silent]\n|faint|p2a: Blissey\n|\n|upkeep\n|\n|t:|1760034062\n|switch|p2a: Skeledirge|Skeledirge, M|100/100\n|turn|26\n|\n|t:|1760034080\n|switch|p1a: Mienshao-Hoenn|Mienshao-Hoenn, F, tera:Normal|100/100\n|-terastallize|p2a: Skeledirge|Fairy\n|move|p2a: Skeledirge|Curse|p2a: Skeledirge\n|-unboost|p2a: Skeledirge|spe|1\n|-boost|p2a: Skeledirge|atk|1\n|-boost|p2a: Skeledirge|def|1\n|\n|upkeep\n|turn|27\n|\n|t:|1760034103\n|move|p1a: Mienshao-Hoenn|Flip Turn|p2a: Skeledirge\n|-damage|p2a: Skeledirge|79/100\n|-damage|p1a: Mienshao-Hoenn|91/100|[from] item: Life Orb\n|\n|t:|1760034107\n|switch|p1a: Chi-Yu|Chi-Yu|100/100|[from] Flip Turn\n|-ability|p1a: Chi-Yu|Beads of Ruin\n|move|p2a: Skeledirge|Torch Song|p1a: Chi-Yu\n|-resisted|p1a: Chi-Yu\n|-damage|p1a: Chi-Yu|82/100\n|-boost|p2a: Skeledirge|spa|1\n|\n|upkeep\n|turn|28\n|\n|t:|1760034120\n|switch|p2a: Kartana|Kartana|86/100\n|move|p1a: Chi-Yu|Flamethrower|p2a: Kartana\n|-supereffective|p2a: Kartana\n|-damage|p2a: Kartana|0 fnt\n|faint|p2a: Kartana\n|\n|upkeep\n|\n|t:|1760034129\n|switch|p2a: Greninja|Greninja-Mega, F|76/100 tox\n|turn|29\n|\n|t:|1760034147\n|switch|p1a: Baxcalibur|Baxcalibur, M|44/100\n|move|p2a: Greninja|Water Shuriken|p1a: Baxcalibur\n|-resisted|p1a: Baxcalibur\n|-damage|p1a: Baxcalibur|40/100\n|-resisted|p1a: Baxcalibur\n|-damage|p1a: Baxcalibur|35/100\n|-resisted|p1a: Baxcalibur\n|-damage|p1a: Baxcalibur|30/100\n|-resisted|p1a: Baxcalibur\n|-damage|p1a: Baxcalibur|26/100\n|-hitcount|p1a: Baxcalibur|4\n|\n|-damage|p2a: Greninja|69/100 tox|[from] psn\n|upkeep\n|turn|30\n|\n|t:|1760034168\n|move|p2a: Greninja|Sludge Wave|p1a: Baxcalibur\n|-damage|p1a: Baxcalibur|0 fnt\n|faint|p1a: Baxcalibur\n|\n|-damage|p2a: Greninja|57/100 tox|[from] psn\n|upkeep\n|\n|t:|1760034174\n|switch|p1a: Mienshao-Hoenn|Mienshao-Hoenn, F, tera:Normal|100/100\n|turn|31\n|\n|t:|1760034180\n|switch|p2a: Zapdos|Zapdos-Galar|29/100\n|move|p1a: Mienshao-Hoenn|Surging Strikes|p2a: Zapdos\n|-crit|p2a: Zapdos\n|-damage|p2a: Zapdos|3/100\n|-crit|p2a: Zapdos\n|-damage|p2a: Zapdos|0 fnt\n|faint|p2a: Zapdos\n|-hitcount|p2: Zapdos|2\n|-damage|p1a: Mienshao-Hoenn|91/100|[from] item: Life Orb\n|\n|upkeep\n|\n|t:|1760034186\n|switch|p2a: Skeledirge|Skeledirge, M, tera:Fairy|79/100\n|turn|32\n|\n|t:|1760034233\n|switch|p1a: Chi-Yu|Chi-Yu|82/100\n|-ability|p1a: Chi-Yu|Beads of Ruin\n|switch|p2a: Greninja|Greninja-Mega, F|57/100 tox\n|\n|-damage|p2a: Greninja|51/100 tox|[from] psn\n|upkeep\n|turn|33\n|\n|t:|1760034275\n|switch|p1a: Ogerpon|Ogerpon-Cornerstone, F|1/100\n|move|p2a: Greninja|Water Shuriken|p1a: Ogerpon\n|-damage|p1a: Ogerpon|0 fnt\n|faint|p1a: Ogerpon\n|-hitcount|p1: Ogerpon|1\n|\n|-damage|p2a: Greninja|38/100 tox|[from] psn\n|upkeep\n|\n|t:|1760034291\n|switch|p1a: Mienshao-Hoenn|Mienshao-Hoenn, F, tera:Normal|100/100\n|turn|34\n|\n|t:|1760034304\n|switch|p2a: Skeledirge|Skeledirge, M, tera:Fairy|79/100\n|move|p1a: Mienshao-Hoenn|Surging Strikes|p2a: Skeledirge\n|-crit|p2a: Skeledirge\n|-damage|p2a: Skeledirge|59/100\n|-crit|p2a: Skeledirge\n|-damage|p2a: Skeledirge|39/100\n|-crit|p2a: Skeledirge\n|-damage|p2a: Skeledirge|20/100\n|-hitcount|p2a: Skeledirge|3\n|-damage|p1a: Mienshao-Hoenn|91/100|[from] item: Life Orb\n|\n|upkeep\n|turn|35\n|\n|t:|1760034326\n|move|p1a: Mienshao-Hoenn|Flip Turn|p2a: Skeledirge\n|-damage|p2a: Skeledirge|0 fnt\n|faint|p2a: Skeledirge\n|-damage|p1a: Mienshao-Hoenn|81/100|[from] item: Life Orb\n|\n|t:|1760034332\n|switch|p1a: Chi-Yu|Chi-Yu|82/100|[from] Flip Turn\n|-ability|p1a: Chi-Yu|Beads of Ruin\n|\n|upkeep\n|\n|t:|1760034335\n|switch|p2a: Greninja|Greninja-Mega, F|38/100 tox\n|turn|36\n|\n|t:|1760034340\n|move|p2a: Greninja|Surf|p1a: Chi-Yu\n|-supereffective|p1a: Chi-Yu\n|-damage|p1a: Chi-Yu|0 fnt\n|faint|p1a: Chi-Yu\n|\n|-damage|p2a: Greninja|32/100 tox|[from] psn\n|upkeep\n|\n|t:|1760034347\n|switch|p1a: Mienshao-Hoenn|Mienshao-Hoenn, F, tera:Normal|100/100\n|turn|37\n|\n|t:|1760034352\n|move|p1a: Mienshao-Hoenn|Fake Out|p2a: Greninja\n|-damage|p2a: Greninja|0 fnt\n|faint|p2a: Greninja\n|detailschange|p2: Greninja|Greninja, F|[silent]\n|-damage|p1a: Mienshao-Hoenn|91/100|[from] item: Life Orb\n|\n|win|nachis1225\n|c|☆MastersHideout|gg\n|c|☆nachis1225|gg\n|l| The_Shawdoin\n|c|☆nachis1225|how do I save the replay\n|c|~SparksTheNeo|press upload and share replay\n|c|~SparksTheNeo|and click on link fast\n","players":["nachis1225","MastersHideout"],"format":"[Gen 9] NatDex Draft","rating":null,"private":0,"password":null,"inputlog":">version c5f06566d1a0a24bc6fa6bc2146fd951ef712f76\n>start {\"formatid\":\"gen9natdexdraft@@@Tera Type Preview\",\"seed\":\"sodium,61a1413833117eee6efae8e7d978f516\"}\n>player p1 {\"name\":\"nachis1225\",\"avatar\":\"266\",\"team\":\"Corviknight||Corviknightite|Pressure|Roost,Defog,Hurricane,Uturn|Calm|248,,8,,252,|M||||,,,,,Flying]Mienshao-Hoenn||LifeOrb|Regenerator|FlipTurn,SurgingStrikes,CloseCombat,FakeOut|Jolly|40,252,,,,216|F||||,,,,,Normal]Chi-Yu||ChoiceSpecs|BeadsofRuin|Flamethrower,DarkPulse,Overheat,TeraBlast|Timid|,,4,252,,252|N||||,,,,,Electric]Hippowdon||Leftovers|SandForce|StealthRock,Earthquake,SlackOff,Toxic|Impish|248,,252,,8,|M||||,,,,,Ground]Baxcalibur||RoseliBerry|ThermalExchange|DragonDance,GlaiveRush,IcicleCrash,ThunderFang|Jolly|40,252,,,4,212|M||||,,,,,Dragon]Ogerpon|OgerponCornerstone|CornerstoneMask|Sturdy|Uturn,IvyCudgel,PowerWhip,Superpower|Jolly|,252,4,,,252|F||||,Poison,,,,Rock\",\"rating\":0}\n>player p2 {\"name\":\"MastersHideout\",\"avatar\":\"266\",\"team\":\"Blissey||CovertCloak|SereneGrace|Thunder,IceBeam,SoftBoiled,FocusBlast|Calm|88,,,168,252,|F|,0,,,,|||,,,,,Bug]Zapdos|ZapdosGalar|ChoiceScarf|Defiant|ThunderousKick,Uturn,Taunt,TeraBlast|Jolly|96,252,,,,152|N||||,,,,,Fire]Greninja||Greninjite|Protean|HiddenPowerFire,SludgeWave,WaterShuriken,Surf|Modest|144,,28,252,,84|F|,1,,,,|||,Fire,,,,Bug]Skeledirge||HeavyDutyBoots|Unaware|TorchSong,SlackOff,AlluringVoice,Curse|Bold|240,,16,,,252|M|,0,,,,|||,,,,,Fairy]Kartana||Metronome|BeastBoost|SwordsDance,LeafBlade,SacredSword,Tailwind|Jolly|24,252,,,,232|N||||,,,,,Bug]Excadrill||JabocaBerry|SandRush|IronHead,Earthquake,RapidSpin,SwordsDance|Jolly|,204,56,,,248|F||||,,,,,Bug\",\"rating\":0}\n>chat ☆nachis1225|glhf\n>chat ☆MastersHideout|gl hf\n>chat ☆MastersHideout|also wtf the calc shows me your sets?\n>chat ~SparksTheNeo|no\n>chat ☆nachis1225|wait what\n>chat ~SparksTheNeo|it's sample showdown sets\n>chat ☆MastersHideout|oh ok\n>chat ☆nachis1225|oh thank god\n>chat ☆MastersHideout|I got scared af\n>chat ☆nachis1225|same\n>chat ☆nachis1225|how do i open this calc again\n>chat ~SparksTheNeo|it should automatically appear on the side\n>chat ~SparksTheNeo|unless ur on mobile\n>chat ☆nachis1225|alr\n>chat ~SparksTheNeo|then it's like a tab in the same area as the lobby?\n>p1 team 2, 1, 3, 4, 5, 6\n>p2 team 2, 1, 3, 4, 5, 6\n>p1 move fakeout terastallize\n>p2 move uturn\n>chat  NottaDoc|Regular showdown does that too \n>chat ~SparksTheNeo|sheeeesh the tera normal fake out\n>p1 switch 4\n>p2 move thunderouskick\n>p1 move toxic\n>p2 switch 3\n>p1 switch 2\n>p2 switch 5\n>p1 move hurricane mega\n>p2 switch 2\n>p1 move uturn\n>p2 move focusblast\n>p1 switch 2\n>p1 move stealthrock\n>p2 switch 2\n>p1 switch 2\n>p2 switch 6\n>p1 move uturn\n>p2 move rapidspin\n>p1 switch 6\n>p1 move superpower\n>p2 move ironhead\n>p2 switch 6\n>p1 switch 6\n>p2 move sacredsword\n>p1 move roost\n>p2 move sacredsword\n>p1 move roost\n>p2 move sacredsword\n>p1 switch 2\n>p2 move sacredsword\n>p1 move slackoff\n>p2 move tailwind\n>chat  The_Shawdoin|why would you tail wind no mega clod to crit\n>chat ~SparksTheNeo|so true\n>p1 switch 4\n>p2 move swordsdance\n>p1 move fakeout\n>p2 move leafblade\n>chat  The_Shawdoin|i love hello dex showing scarf tailwind sd kart LMAo\n>chat  wizzz7|tailwind and fakeout\n>chat  wizzz7|this vgc or smth\n>chat  The_Shawdoin|Yeah\n>chat  The_Shawdoin|when both sides lose 2 pokemon it switches to double battle\n>chat ~SparksTheNeo|cant be vgc there's no incineroar\n>p1 switch 2\n>p2 move sacredsword\n>p1 move hurricane\n>p2 move sacredsword\n>p1 switch 6\n>p1 move superpower\n>p2 switch 3\n>p1 switch 4\n>p2 move uturn\n>p2 switch 5\n>p1 move stealthrock\n>p2 move surf mega\n>p1 switch 5\n>p1 move dragondance\n>p2 switch 2\n>p1 move dragondance\n>p2 move focusblast\n>p1 move glaiverush\n>p2 move focusblast\n>p2 switch 4\n>p1 switch 2\n>p2 move curse terastallize\n>p1 move flipturn\n>p2 move torchsong\n>p1 switch 3\n>p1 move flamethrower\n>p2 switch 3\n>p2 switch 2\n>p1 switch 2\n>p2 move watershuriken\n>p1 move thunderfang\n>p2 move sludgewave\n>p1 switch 3\n>p1 move surgingstrikes\n>p2 switch 5\n>p2 switch 3\n>p1 switch 2\n>p2 switch 5\n>p1 switch 4\n>p2 move watershuriken\n>p1 switch 2\n>p1 move surgingstrikes\n>p2 switch 5\n>p1 move flipturn\n>p2 move alluringvoice\n>p1 switch 4\n>p2 switch 5\n>p1 move flamethrower\n>p2 move surf\n>p1 switch 4\n>p1 move fakeout\n>p2 move sludgewave","uploadtime":1760034417}