{"id":"gen9natdexdraft-125","log":"|j|☆Swagboi21_W\n|j|☆NottaDoc\n|t:|1761423633\n|gametype|singles\n|player|p1|Swagboi21_W|170|\n|player|p2|NottaDoc|101|\n|gen|9\n|tier|[Gen 9] NatDex Draft\n|rule|Tera Type Preview: Tera Types are shown at Team Preview\n|rule|Sleep Clause Mod: Limit one foe put to sleep\n|rule|OHKO Clause: OHKO moves are banned\n|rule|Evasion Clause: Evasion abilities, items, and moves are banned\n|rule|Evasion Abilities Clause: Evasion abilities are banned\n|rule|Evasion Items Clause: Evasion items are banned\n|rule|Evasion Moves Clause: Evasion moves are banned\n|rule|Endless Battle Clause: Forcing endless battles is banned\n|rule|HP Percentage Mod: HP is shown in percentages\n|raw|<div class=\"infobox\"><details class=\"readmore\" open><summary><strong>1 custom rule:</strong></summary> Tera Type Preview</details></div>\n|clearpoke\n|poke|p1|Blastoise-Prime, M|\n|poke|p1|Araquanid, M|\n|poke|p1|Sandy Shocks|\n|poke|p1|Blacephalon|\n|poke|p1|Absol, M|\n|poke|p1|Breloom-Prime, M|\n|poke|p2|Typhlosion-Prime, M|\n|poke|p2|Vileplume-Prime, M|\n|poke|p2|Zeraora|\n|poke|p2|Landorus-Therian, M|\n|poke|p2|Vaporeon, M|\n|poke|p2|Gholdengo|\n|raw|Swagboi21_W's Tera Types:<br /><psicon pokemon=\"blastoiseprime\" /><psicon type=\"Water\" /> / <psicon pokemon=\"araquanid\" /><psicon type=\"Water\" /> / <psicon pokemon=\"sandyshocks\" /><psicon type=\"Electric\" /> / <psicon pokemon=\"blacephalon\" /><psicon type=\"Fire\" /> / <psicon pokemon=\"absol\" /><psicon type=\"Dark\" /> / <psicon pokemon=\"breloomprime\" /><psicon type=\"Grass\" />\n|raw|NottaDoc's Tera Types:<br /><psicon pokemon=\"typhlosionprime\" /><psicon type=\"Fire\" /> / <psicon pokemon=\"vileplumeprime\" /><psicon type=\"Grass\" /> / <psicon pokemon=\"zeraora\" /><psicon type=\"Poison\" /> / <psicon pokemon=\"landorustherian\" /><psicon type=\"Ground\" /> / <psicon pokemon=\"vaporeon\" /><psicon type=\"Water\" /> / <psicon pokemon=\"gholdengo\" /><psicon type=\"Steel\" />\n|teampreview\n|c|☆Swagboi21_W|glhf\n|c|☆NottaDoc|glhf\n|\n|t:|1761423667\n|teamsize|p1|6\n|teamsize|p2|6\n|start\n|switch|p1a: Araquanid|Araquanid, M|100/100\n|switch|p2a: Vileplume-Prime|Vileplume-Prime, M|100/100\n|turn|1\n|\n|t:|1761423681\n|move|p2a: Vileplume-Prime|Fiery Dance|p1a: Araquanid\n|-damage|p1a: Araquanid|91/100\n|move|p1a: Araquanid|Sticky Web|p2a: Vileplume-Prime\n|-sidestart|p2: NottaDoc|move: Sticky Web\n|\n|upkeep\n|turn|2\n|\n|t:|1761423689\n|move|p2a: Vileplume-Prime|Fiery Dance|p1a: Araquanid\n|-damage|p1a: Araquanid|81/100\n|move|p1a: Araquanid|Liquidation|p2a: Vileplume-Prime\n|-resisted|p2a: Vileplume-Prime\n|-damage|p2a: Vileplume-Prime|81/100\n|\n|-heal|p2a: Vileplume-Prime|87/100|[from] item: Leftovers\n|upkeep\n|turn|3\n|\n|t:|1761423715\n|switch|p1a: Blacephalon|Blacephalon|100/100\n|move|p2a: Vileplume-Prime|Spore|p1a: Blacephalon\n|-status|p1a: Blacephalon|slp|[from] move: Spore\n|\n|-heal|p2a: Vileplume-Prime|93/100|[from] item: Leftovers\n|upkeep\n|turn|4\n|\n|t:|1761423759\n|switch|p1a: Blastoise-Prime|Blastoise-Prime, M|100/100\n|-ability|p1a: Blastoise-Prime|Dauntless Shield|boost\n|-boost|p1a: Blastoise-Prime|def|1\n|switch|p2a: Landorus|Landorus-Therian, M|100/100\n|-ability|p2a: Landorus|Intimidate|boost\n|-unboost|p1a: Blastoise-Prime|atk|1\n|\n|upkeep\n|turn|5\n|\n|t:|1761423771\n|move|p2a: Landorus|U-turn|p1a: Blastoise-Prime\n|-damage|p1a: Blastoise-Prime|85/100\n|\n|t:|1761423870\n|switch|p2a: Vaporeon|Vaporeon, M|100/100|[from] U-turn\n|-activate|p2a: Vaporeon|move: Sticky Web\n|-unboost|p2a: Vaporeon|spe|1\n|move|p1a: Blastoise-Prime|Shell Smash|p1a: Blastoise-Prime\n|-unboost|p1a: Blastoise-Prime|def|1\n|-unboost|p1a: Blastoise-Prime|spd|1\n|-boost|p1a: Blastoise-Prime|atk|2\n|-boost|p1a: Blastoise-Prime|spa|2\n|-boost|p1a: Blastoise-Prime|spe|2\n|\n|upkeep\n|turn|6\n|\n|t:|1761423880\n|move|p1a: Blastoise-Prime|Freeze-Dry|p2a: Vaporeon\n|-supereffective|p2a: Vaporeon\n|-damage|p2a: Vaporeon|38/100\n|move|p2a: Vaporeon|Haze|p2a: Vaporeon\n|-clearallboost\n|\n|-heal|p2a: Vaporeon|45/100|[from] item: Leftovers\n|upkeep\n|turn|7\n|\n|t:|1761423916\n|move|p1a: Blastoise-Prime|Shell Smash|p1a: Blastoise-Prime\n|-unboost|p1a: Blastoise-Prime|def|1\n|-unboost|p1a: Blastoise-Prime|spd|1\n|-boost|p1a: Blastoise-Prime|atk|2\n|-boost|p1a: Blastoise-Prime|spa|2\n|-boost|p1a: Blastoise-Prime|spe|2\n|move|p2a: Vaporeon|Haze|p2a: Vaporeon\n|-clearallboost\n|\n|-heal|p2a: Vaporeon|51/100|[from] item: Leftovers\n|upkeep\n|turn|8\n|\n|t:|1761423946\n|move|p1a: Blastoise-Prime|Freeze-Dry|p2a: Vaporeon\n|-supereffective|p2a: Vaporeon\n|-damage|p2a: Vaporeon|18/100\n|move|p2a: Vaporeon|Haze|p2a: Vaporeon\n|-clearallboost\n|\n|-heal|p2a: Vaporeon|24/100|[from] item: Leftovers\n|upkeep\n|turn|9\n|c|☆NottaDoc|ohhhhhhh i see\n|c|☆Swagboi21_W|you see what?\n|c|☆NottaDoc|the vision\n|c|☆Swagboi21_W|totally\n|c|☆NottaDoc|frfr\n|c|☆Swagboi21_W|mhm\n|\n|t:|1761424021\n|move|p1a: Blastoise-Prime|Shell Smash|p1a: Blastoise-Prime\n|-unboost|p1a: Blastoise-Prime|def|1\n|-unboost|p1a: Blastoise-Prime|spd|1\n|-boost|p1a: Blastoise-Prime|atk|2\n|-boost|p1a: Blastoise-Prime|spa|2\n|-boost|p1a: Blastoise-Prime|spe|2\n|move|p2a: Vaporeon|Scald|p1a: Blastoise-Prime\n|-resisted|p1a: Blastoise-Prime\n|-damage|p1a: Blastoise-Prime|67/100\n|-status|p1a: Blastoise-Prime|brn\n|\n|-heal|p2a: Vaporeon|30/100|[from] item: Leftovers\n|-damage|p1a: Blastoise-Prime|61/100 brn|[from] brn\n|upkeep\n|turn|10\n|c|☆Swagboi21_W|67\n|\n|t:|1761424033\n|move|p1a: Blastoise-Prime|Freeze-Dry|p2a: Vaporeon\n|-supereffective|p2a: Vaporeon\n|-damage|p2a: Vaporeon|0 fnt\n|faint|p2a: Vaporeon\n|\n|-damage|p1a: Blastoise-Prime|55/100 brn|[from] brn\n|upkeep\n|\n|t:|1761424040\n|switch|p2a: Vileplume-Prime|Vileplume-Prime, M|93/100\n|-activate|p2a: Vileplume-Prime|move: Sticky Web\n|-unboost|p2a: Vileplume-Prime|spe|1\n|turn|11\n|\n|t:|1761424052\n|move|p2a: Vileplume-Prime|Giga Drain|p1a: Blastoise-Prime\n|-supereffective|p1a: Blastoise-Prime\n|-damage|p1a: Blastoise-Prime|0 fnt\n|-heal|p2a: Vileplume-Prime|100/100|[from] drain|[of] p1a: Blastoise-Prime\n|faint|p1a: Blastoise-Prime\n|\n|upkeep\n|c|☆Swagboi21_W|ok I think I see it now\n|\n|t:|1761424093\n|switch|p1a: Absol|Absol, M|100/100\n|-ability|p1a: Absol|Pressure\n|turn|12\n|c|☆Swagboi21_W|kinda forgot that triage works like that even though I love comfey\n|\n|t:|1761424145\n|detailschange|p1a: Absol|Absol-Mega, M\n|-mega|p1a: Absol|Absol|Absolite\n|move|p1a: Absol|Zen Headbutt|p2a: Vileplume-Prime\n|-supereffective|p2a: Vileplume-Prime\n|-damage|p2a: Vileplume-Prime|64/100\n|cant|p2a: Vileplume-Prime|flinch\n|\n|-heal|p2a: Vileplume-Prime|71/100|[from] item: Leftovers\n|upkeep\n|turn|13\n|\n|t:|1761424156\n|move|p1a: Absol|Zen Headbutt|p2a: Vileplume-Prime\n|-supereffective|p2a: Vileplume-Prime\n|-damage|p2a: Vileplume-Prime|35/100\n|move|p2a: Vileplume-Prime|Fiery Dance|p1a: Absol\n|-damage|p1a: Absol|54/100\n|-boost|p2a: Vileplume-Prime|spa|1\n|\n|-heal|p2a: Vileplume-Prime|41/100|[from] item: Leftovers\n|upkeep\n|turn|14\n|\n|t:|1761424170\n|switch|p1a: Blacephalon|Blacephalon|100/100 slp\n|move|p2a: Vileplume-Prime|Strength Sap|p1a: Blacephalon\n|-unboost|p1a: Blacephalon|atk|1\n|-heal|p2a: Vileplume-Prime|99/100\n|\n|-heal|p2a: Vileplume-Prime|100/100|[from] item: Leftovers\n|upkeep\n|turn|15\n|\n|t:|1761424183\n|switch|p2a: Landorus|Landorus-Therian, M|100/100\n|-ability|p2a: Landorus|Intimidate|boost\n|-unboost|p1a: Blacephalon|atk|1\n|cant|p1a: Blacephalon|slp\n|\n|upkeep\n|turn|16\n|\n|t:|1761424193\n|-curestatus|p1a: Blacephalon|slp|[msg]\n|move|p1a: Blacephalon|Hidden Power|p2a: Landorus\n|-supereffective|p2a: Landorus\n|-damage|p2a: Landorus|0 fnt\n|faint|p2a: Landorus\n|-ability|p1a: Blacephalon|Beast Boost|boost\n|-boost|p1a: Blacephalon|spa|1\n|\n|upkeep\n|\n|t:|1761424221\n|switch|p2a: Typhlosion-Prime|Typhlosion-Prime, M|100/100\n|-activate|p2a: Typhlosion-Prime|move: Sticky Web\n|-unboost|p2a: Typhlosion-Prime|spe|1\n|-weather|SunnyDay|[from] ability: Drought|[of] p2a: Typhlosion-Prime\n|turn|17\n|\n|t:|1761424232\n|switch|p1a: Absol|Absol-Mega, M|54/100\n|move|p2a: Typhlosion-Prime|Earth Power|p1a: Absol\n|-damage|p1a: Absol|0 fnt\n|faint|p1a: Absol\n|detailschange|p1: Absol|Absol, M|[silent]\n|\n|-weather|SunnyDay|[upkeep]\n|upkeep\n|\n|t:|1761424250\n|switch|p1a: Breloom-Prime|Breloom-Prime, M|100/100\n|turn|18\n|\n|t:|1761424257\n|switch|p2a: Zeraora|Zeraora|100/100\n|-activate|p2a: Zeraora|move: Sticky Web\n|-unboost|p2a: Zeraora|spe|1\n|move|p1a: Breloom-Prime|Protect||[still]\n|-fail|p1a: Breloom-Prime\n|\n|-weather|SunnyDay|[upkeep]\n|-status|p1a: Breloom-Prime|tox|[from] item: Toxic Orb\n|upkeep\n|turn|19\n|\n|t:|1761424291\n|-terastallize|p2a: Zeraora|Poison\n|move|p1a: Breloom-Prime|Sappy Seed|p2a: Zeraora\n|-resisted|p2a: Zeraora\n|-damage|p2a: Zeraora|60/100\n|-start|p2a: Zeraora|move: Leech Seed\n|move|p2a: Zeraora|Acrobatics|p1a: Breloom-Prime\n|-supereffective|p1a: Breloom-Prime\n|-damage|p1a: Breloom-Prime|27/100 tox\n|\n|-weather|SunnyDay|[upkeep]\n|-damage|p2a: Zeraora|48/100|[from] Leech Seed|[of] p1a: Breloom-Prime\n|-heal|p1a: Breloom-Prime|40/100 tox|[silent]\n|-heal|p1a: Breloom-Prime|53/100 tox|[from] ability: Poison Heal\n|upkeep\n|-enditem|p2a: Zeraora|Sitrus Berry|[eat]\n|-heal|p2a: Zeraora|73/100|[from] item: Sitrus Berry\n|turn|20\n|\n|t:|1761424311\n|move|p1a: Breloom-Prime|Protect|p1a: Breloom-Prime\n|-singleturn|p1a: Breloom-Prime|Protect\n|move|p2a: Zeraora|Acrobatics|p1a: Breloom-Prime\n|-activate|p1a: Breloom-Prime|move: Protect\n|\n|-weather|SunnyDay|[upkeep]\n|-damage|p2a: Zeraora|60/100|[from] Leech Seed|[of] p1a: Breloom-Prime\n|-heal|p1a: Breloom-Prime|66/100 tox|[silent]\n|-heal|p1a: Breloom-Prime|78/100 tox|[from] ability: Poison Heal\n|upkeep\n|turn|21\n|\n|t:|1761424338\n|move|p1a: Breloom-Prime|Spore|p2a: Zeraora\n|-status|p2a: Zeraora|slp|[from] move: Spore\n|cant|p2a: Zeraora|slp\n|\n|-weather|none\n|-damage|p2a: Zeraora|48/100 slp|[from] Leech Seed|[of] p1a: Breloom-Prime\n|-heal|p1a: Breloom-Prime|91/100 tox|[silent]\n|-heal|p1a: Breloom-Prime|100/100 tox|[from] ability: Poison Heal\n|upkeep\n|turn|22\n|\n|t:|1761424348\n|switch|p2a: Vileplume-Prime|Vileplume-Prime, M|100/100\n|-activate|p2a: Vileplume-Prime|move: Sticky Web\n|-unboost|p2a: Vileplume-Prime|spe|1\n|move|p1a: Breloom-Prime|Close Combat|p2a: Vileplume-Prime\n|-resisted|p2a: Vileplume-Prime\n|-damage|p2a: Vileplume-Prime|78/100\n|-unboost|p1a: Breloom-Prime|def|1\n|-unboost|p1a: Breloom-Prime|spd|1\n|\n|-heal|p2a: Vileplume-Prime|85/100|[from] item: Leftovers\n|upkeep\n|turn|23\n|c|☆NottaDoc|that turn 1 wake up was so rough for me\n|c|☆Swagboi21_W|yeah, now you can't keep intimidating\n|\n|t:|1761424375\n|move|p1a: Breloom-Prime|Protect|p1a: Breloom-Prime\n|-singleturn|p1a: Breloom-Prime|Protect\n|move|p2a: Vileplume-Prime|Strength Sap|p1a: Breloom-Prime\n|-activate|p1a: Breloom-Prime|move: Protect\n|\n|-heal|p2a: Vileplume-Prime|91/100|[from] item: Leftovers\n|upkeep\n|turn|24\n|\n|t:|1761424403\n|switch|p1a: Blacephalon|Blacephalon|100/100\n|move|p2a: Vileplume-Prime|Fiery Dance|p1a: Blacephalon\n|-resisted|p1a: Blacephalon\n|-damage|p1a: Blacephalon|79/100\n|-boost|p2a: Vileplume-Prime|spa|1\n|\n|-heal|p2a: Vileplume-Prime|97/100|[from] item: Leftovers\n|upkeep\n|turn|25\n|\n|t:|1761424430\n|switch|p2a: Zeraora|Zeraora, tera:Poison|48/100 slp\n|-activate|p2a: Zeraora|move: Sticky Web\n|-unboost|p2a: Zeraora|spe|1\n|move|p1a: Blacephalon|Flamethrower|p2a: Zeraora\n|-damage|p2a: Zeraora|0 fnt\n|faint|p2a: Zeraora\n|-ability|p1a: Blacephalon|Beast Boost|boost\n|-boost|p1a: Blacephalon|spa|1\n|\n|upkeep\n|\n|t:|1761424436\n|switch|p2a: Gholdengo|Gholdengo|100/100\n|-activate|p2a: Gholdengo|move: Sticky Web\n|-unboost|p2a: Gholdengo|spe|1\n|turn|26\n|\n|t:|1761424441\n|move|p1a: Blacephalon|Flamethrower|p2a: Gholdengo\n|-supereffective|p2a: Gholdengo\n|-enditem|p2a: Gholdengo|Focus Sash\n|-damage|p2a: Gholdengo|1/100\n|move|p2a: Gholdengo|Hex|p1a: Blacephalon\n|-supereffective|p1a: Blacephalon\n|-damage|p1a: Blacephalon|0 fnt\n|faint|p1a: Blacephalon\n|\n|upkeep\n|\n|t:|1761424452\n|switch|p1a: Sandy Shocks|Sandy Shocks|100/100\n|-enditem|p1a: Sandy Shocks|Booster Energy\n|-activate|p1a: Sandy Shocks|ability: Protosynthesis|[fromitem]\n|-start|p1a: Sandy Shocks|protosynthesisspa\n|turn|27\n|\n|t:|1761424464\n|move|p1a: Sandy Shocks|Light Screen|p1a: Sandy Shocks\n|-sidestart|p1: Swagboi21_W|move: Light Screen\n|move|p2a: Gholdengo|Hex|p1a: Sandy Shocks\n|-damage|p1a: Sandy Shocks|76/100\n|\n|upkeep\n|turn|28\n|\n|t:|1761424472\n|move|p1a: Sandy Shocks|Earth Power|p2a: Gholdengo\n|-supereffective|p2a: Gholdengo\n|-damage|p2a: Gholdengo|0 fnt\n|faint|p2a: Gholdengo\n|\n|upkeep\n|\n|t:|1761424474\n|switch|p2a: Vileplume-Prime|Vileplume-Prime, M|97/100\n|-activate|p2a: Vileplume-Prime|move: Sticky Web\n|-unboost|p2a: Vileplume-Prime|spe|1\n|turn|29\n|c|☆Swagboi21_W|now that I think of it, I should have tera fired my blac\n|\n|t:|1761424509\n|move|p1a: Sandy Shocks|Earth Power|p2a: Vileplume-Prime\n|-damage|p2a: Vileplume-Prime|48/100\n|move|p2a: Vileplume-Prime|Spore|p1a: Sandy Shocks\n|-status|p1a: Sandy Shocks|slp|[from] move: Spore\n|\n|-heal|p2a: Vileplume-Prime|54/100|[from] item: Leftovers\n|upkeep\n|turn|30\n|c|☆NottaDoc|yeah ngl i forgot it was your tera mon\n|\n|t:|1761424554\n|cant|p1a: Sandy Shocks|slp\n|move|p2a: Vileplume-Prime|Fiery Dance|p1a: Sandy Shocks\n|-damage|p1a: Sandy Shocks|63/100 slp\n|-boost|p2a: Vileplume-Prime|spa|1\n|\n|-heal|p2a: Vileplume-Prime|60/100|[from] item: Leftovers\n|upkeep\n|turn|31\n|c|☆Swagboi21_W|I forgot people don't usually switch in a Pokemon weak to the sweeper unless it's sashed\n|\n|t:|1761424566\n|move|p2a: Vileplume-Prime|Giga Drain|p1a: Sandy Shocks\n|-supereffective|p1a: Sandy Shocks\n|-damage|p1a: Sandy Shocks|0 fnt\n|-heal|p2a: Vileplume-Prime|85/100|[from] drain|[of] p1a: Sandy Shocks\n|faint|p1a: Sandy Shocks\n|-end|p1a: Sandy Shocks|Protosynthesis|[silent]\n|\n|-heal|p2a: Vileplume-Prime|91/100|[from] item: Leftovers\n|-sideend|p1: Swagboi21_W|move: Light Screen\n|upkeep\n|\n|t:|1761424573\n|switch|p1a: Araquanid|Araquanid, M|81/100\n|turn|32\n|c|☆NottaDoc|well tbf i have no outs for it otherwise\n|\n|t:|1761424589\n|move|p2a: Vileplume-Prime|Spore|p1a: Araquanid\n|-status|p1a: Araquanid|slp|[from] move: Spore\n|cant|p1a: Araquanid|slp\n|\n|-heal|p2a: Vileplume-Prime|97/100|[from] item: Leftovers\n|upkeep\n|turn|33\n|\n|t:|1761424595\n|move|p2a: Vileplume-Prime|Fiery Dance|p1a: Araquanid\n|-damage|p1a: Araquanid|66/100 slp\n|-curestatus|p1a: Araquanid|slp|[msg]\n|move|p1a: Araquanid|Mirror Coat|p2a: Vileplume-Prime\n|-damage|p2a: Vileplume-Prime|72/100\n|\n|-heal|p2a: Vileplume-Prime|78/100|[from] item: Leftovers\n|upkeep\n|turn|34\n|\n|t:|1761424610\n|move|p2a: Vileplume-Prime|Spore|p1a: Araquanid\n|-status|p1a: Araquanid|slp|[from] move: Spore\n|cant|p1a: Araquanid|slp\n|\n|-heal|p2a: Vileplume-Prime|84/100|[from] item: Leftovers\n|upkeep\n|turn|35\n|\n|t:|1761424616\n|move|p2a: Vileplume-Prime|Fiery Dance|p1a: Araquanid\n|-damage|p1a: Araquanid|53/100 slp\n|-boost|p2a: Vileplume-Prime|spa|1\n|cant|p1a: Araquanid|slp\n|\n|-heal|p2a: Vileplume-Prime|90/100|[from] item: Leftovers\n|upkeep\n|turn|36\n|\n|t:|1761424633\n|move|p2a: Vileplume-Prime|Fiery Dance|p1a: Araquanid\n|-damage|p1a: Araquanid|35/100 slp\n|cant|p1a: Araquanid|slp\n|\n|-heal|p2a: Vileplume-Prime|96/100|[from] item: Leftovers\n|upkeep\n|turn|37\n|\n|t:|1761424639\n|move|p2a: Vileplume-Prime|Giga Drain|p1a: Araquanid\n|-damage|p1a: Araquanid|0 fnt\n|-heal|p2a: Vileplume-Prime|100/100|[from] drain|[of] p1a: Araquanid\n|faint|p1a: Araquanid\n|\n|upkeep\n|\n|t:|1761424644\n|switch|p1a: Breloom-Prime|Breloom-Prime, M|100/100 tox\n|turn|38\n|c|☆Swagboi21_W|dang, gg\n|c|☆NottaDoc|gg\n|\n|t:|1761424655\n|move|p1a: Breloom-Prime|Sappy Seed|p2a: Vileplume-Prime\n|-resisted|p2a: Vileplume-Prime\n|-damage|p2a: Vileplume-Prime|91/100\n|move|p2a: Vileplume-Prime|Fiery Dance|p1a: Breloom-Prime\n|-supereffective|p1a: Breloom-Prime\n|-damage|p1a: Breloom-Prime|0 fnt\n|-boost|p2a: Vileplume-Prime|spa|1\n|faint|p1a: Breloom-Prime\n|\n|win|NottaDoc\n","players":["Swagboi21_W","NottaDoc"],"format":"[Gen 9] NatDex Draft","rating":null,"private":0,"password":null,"inputlog":">version f5040886e674df30a81d8aa6703a640b23e7a073\n>start {\"formatid\":\"gen9natdexdraft@@@Tera Type Preview\",\"seed\":\"sodium,97f1f280556e1b5a7f3652147bb7925e\"}\n>player p1 {\"name\":\"Swagboi21_W\",\"avatar\":\"170\",\"team\":\"Blastoise-Prime||ExpertBelt|DauntlessShield|OriginPulse,FreezeDry,ArmorCannon,ShellSmash|Modest|,,,252,4,252|M|,0,,,,|||,,,,,Water]Araquanid||CustapBerry|WaterBubble|Liquidation,StickyWeb,Endeavor,MirrorCoat|Adamant|248,252,,,8,|M||||,,,,,Water]Sandy Shocks||BoosterEnergy|Protosynthesis|EarthPower,Thunderbolt,PowerGem,LightScreen|Timid|,,,252,4,252|N|,0,,,,|||,,,,,Electric]Blacephalon||ChoiceScarf|BeastBoost|ShadowBall,Flamethrower,HiddenPowerIce,MindBlown|Timid|,,,252,4,252|N|,0,,,,|||,Ice,,,,Fire]Absol||Absolite|Pressure|SwordsDance,KnockOff,ZenHeadbutt,StoneEdge|Jolly|,252,,,,252|M||||,,,,,Dark]Breloom-Prime||ToxicOrb|PoisonHeal|CloseCombat,Protect,SappySeed,Spore|Jolly|,252,,,4,252|M||||,,,,,Grass\",\"rating\":0}\n>player p2 {\"name\":\"NottaDoc\",\"avatar\":\"101\",\"team\":\"Typhlosion-Prime||MirrorHerb|Drought|ElectroDrift,FieryDance,Substitute,EarthPower|Timid|,,,252,4,252|M|,0,,,,|||,,,,,Fire]Vileplume-Prime||Leftovers|Triage|FieryDance,GigaDrain,Spore,StrengthSap|Bold|252,,252,4,,|M|,0,,,,|||,,,,,Grass]Zeraora||SitrusBerry|VoltAbsorb|Acrobatics,PlasmaFists,KnockOff,BulkUp|Jolly|,104,,,252,152|N||||,,,,,Poison]Landorus|LandorusTherian|ChoiceScarf|Intimidate|Defog,HiddenPowerFlying,Earthquake,Uturn|Naughty|72,252,,,,184|M||||,Flying,,,,Ground]Vaporeon||Leftovers|WaterAbsorb|FlipTurn,Scald,Wish,Haze|Calm|252,,,,252,|M||||,,,,,Water]Gholdengo||FocusSash|GoodasGold|Hex,ThunderWave,Recover,NastyPlot|Modest|252,,,252,,4|N|,0,,,,|||,,,,,Steel\",\"rating\":0}\n>chat ☆Swagboi21_W|glhf\n>chat ☆NottaDoc|glhf\n>p1 team 2, 1, 3, 4, 5, 6\n>p2 team 2, 1, 3, 4, 5, 6\n>p1 move stickyweb\n>p2 move fierydance\n>p1 move liquidation\n>p2 move fierydance\n>p1 switch 4\n>p2 move spore\n>p1 switch 2\n>p2 switch 4\n>p1 move shellsmash\n>p2 move uturn\n>p2 switch 5\n>p1 move freezedry\n>p2 move haze\n>p1 move shellsmash\n>p2 move haze\n>p1 move freezedry\n>p2 move haze\n>chat ☆NottaDoc|ohhhhhhh i see\n>chat ☆Swagboi21_W|you see what?\n>chat ☆NottaDoc|the vision\n>chat ☆Swagboi21_W|totally\n>chat ☆NottaDoc|frfr\n>chat ☆Swagboi21_W|mhm\n>p1 move shellsmash\n>p2 move scald\n>chat ☆Swagboi21_W|67\n>p1 move freezedry\n>p2 move haze\n>p2 switch 4\n>p1 move armorcannon\n>p2 move gigadrain\n>chat ☆Swagboi21_W|ok I think I see it now\n>p1 switch 5\n>chat ☆Swagboi21_W|kinda forgot that triage works like that even though I love comfey\n>p1 move zenheadbutt mega\n>p2 move fierydance\n>p1 move zenheadbutt\n>p2 move fierydance\n>p1 switch 2\n>p2 move strengthsap\n>p1 move mindblown\n>p2 switch 5\n>p1 move hiddenpower\n>p2 move earthquake\n>p2 switch 2\n>p1 switch 2\n>p2 move earthpower\n>p1 switch 6\n>p1 move protect\n>p2 switch 3\n>p1 move sappyseed\n>p2 move acrobatics terastallize\n>p1 move protect\n>p2 move acrobatics\n>p1 move spore\n>p2 move acrobatics\n>p1 move closecombat\n>p2 switch 5\n>chat ☆NottaDoc|that turn 1 wake up was so rough for me\n>chat ☆Swagboi21_W|yeah, now you can't keep intimidating\n>p1 move protect\n>p2 move strengthsap\n>p1 switch 2\n>p2 move fierydance\n>p1 move flamethrower\n>p2 switch 5\n>p2 switch 6\n>p1 move flamethrower\n>p2 move hex\n>p1 switch 3\n>p1 move lightscreen\n>p2 move hex\n>p1 move earthpower\n>p2 move hex\n>p2 switch 5\n>chat ☆Swagboi21_W|now that I think of it, I should have tera fired my blac\n>p1 move earthpower\n>p2 move spore\n>chat ☆NottaDoc|yeah ngl i forgot it was your tera mon\n>p1 move earthpower\n>p2 move fierydance\n>chat ☆Swagboi21_W|I forgot people don't usually switch in a Pokemon weak to the sweeper unless it's sashed\n>p1 move earthpower\n>p2 move gigadrain\n>p1 switch 4\n>chat ☆NottaDoc|well tbf i have no outs for it otherwise\n>p1 move mirrorcoat\n>p2 move spore\n>p1 move mirrorcoat\n>p2 move fierydance\n>p1 move mirrorcoat\n>p2 move spore\n>p1 move mirrorcoat\n>p2 move fierydance\n>p1 move mirrorcoat\n>p2 move fierydance\n>p1 move endeavor\n>p2 move gigadrain\n>p1 switch 2\n>chat ☆Swagboi21_W|dang, gg\n>chat ☆NottaDoc|gg\n>p1 move sappyseed\n>p2 move fierydance","uploadtime":1761424662}