{"id":"gen9natdexdraft-207","log":"|j|☆drew0723\n|j|☆frogadierducklett\n|t:|1762114225\n|gametype|singles\n|player|p1|drew0723|1|\n|player|p2|frogadierducklett|170|\n|gen|9\n|tier|[Gen 9] NatDex Draft\n|rule|Tera Type Preview: Tera Types are shown at Team Preview\n|rule|Sleep Clause Mod: Limit one foe put to sleep\n|rule|OHKO Clause: OHKO moves are banned\n|rule|Evasion Clause: Evasion abilities, items, and moves are banned\n|rule|Evasion Abilities Clause: Evasion abilities are banned\n|rule|Evasion Items Clause: Evasion items are banned\n|rule|Evasion Moves Clause: Evasion moves are banned\n|rule|Endless Battle Clause: Forcing endless battles is banned\n|rule|HP Percentage Mod: HP is shown in percentages\n|raw|<div class=\"infobox\"><details class=\"readmore\" open><summary><strong>1 custom rule:</strong></summary> Tera Type Preview</details></div>\n|clearpoke\n|poke|p1|Scream Tail-Prime|\n|poke|p1|Great Tusk|\n|poke|p1|Tornadus-Therian, M|\n|poke|p1|Iron Moth|\n|poke|p1|Alomomola, F|\n|poke|p1|Arboliva, F|\n|poke|p2|Deoxys-Speed|\n|poke|p2|Charizard-Prime, M|\n|poke|p2|Swampert-Prime, M|\n|poke|p2|Kommo-o, F|\n|poke|p2|Iron Treads|\n|poke|p2|Hydrapple, F|\n|raw|drew0723's Tera Types:<br /><psicon pokemon=\"screamtailprime\" /><psicon type=\"Fairy\" /> / <psicon pokemon=\"greattusk\" /><psicon type=\"Ground\" /> / <psicon pokemon=\"tornadustherian\" /><psicon type=\"Rock\" /> / <psicon pokemon=\"ironmoth\" /><psicon type=\"Fire\" /> / <psicon pokemon=\"alomomola\" /><psicon type=\"Water\" /> / <psicon pokemon=\"arboliva\" /><psicon type=\"Water\" />\n|raw|frogadierducklett's Tera Types:<br /><psicon pokemon=\"deoxysspeed\" /><psicon type=\"Psychic\" /> / <psicon pokemon=\"charizardprime\" /><psicon type=\"Fire\" /> / <psicon pokemon=\"swampertprime\" /><psicon type=\"Water\" /> / <psicon pokemon=\"kommoo\" /><psicon type=\"Steel\" /> / <psicon pokemon=\"irontreads\" /><psicon type=\"Ground\" /> / <psicon pokemon=\"hydrapple\" /><psicon type=\"Poison\" />\n|teampreview\n|c|☆frogadierducklett|Glhf!\n|c|☆drew0723|Good Luck, Have Fun!\n|\n|t:|1762114275\n|teamsize|p1|6\n|teamsize|p2|6\n|start\n|switch|p1a: Tornadus|Tornadus-Therian, M|100/100\n|switch|p2a: Swampert-Prime|Swampert-Prime, M|100/100\n|turn|1\n|\n|t:|1762114294\n|move|p1a: Tornadus|U-turn|p2a: Swampert-Prime\n|-crit|p2a: Swampert-Prime\n|-damage|p2a: Swampert-Prime|86/100\n|\n|t:|1762114296\n|switch|p1a: Alomomola|Alomomola, F|100/100|[from] U-turn\n|move|p2a: Swampert-Prime|Toxic|p1a: Alomomola\n|-status|p1a: Alomomola|tox\n|\n|-damage|p1a: Alomomola|94/100 tox|[from] psn\n|upkeep\n|turn|2\n|\n|t:|1762114309\n|move|p2a: Swampert-Prime|Flip Turn|p1a: Alomomola\n|-resisted|p1a: Alomomola\n|-damage|p1a: Alomomola|87/100 tox\n|\n|t:|1762114310\n|switch|p2a: Hydrapple|Hydrapple, F|100/100|[from] Flip Turn\n|move|p1a: Alomomola|Toxic|p2a: Hydrapple\n|-status|p2a: Hydrapple|tox\n|\n|-damage|p1a: Alomomola|74/100 tox|[from] psn\n|-damage|p2a: Hydrapple|94/100 tox|[from] psn\n|upkeep\n|turn|3\n|\n|t:|1762114320\n|switch|p1a: Tornadus|Tornadus-Therian, M|100/100\n|move|p2a: Hydrapple|Leaf Storm|p1a: Tornadus\n|-resisted|p1a: Tornadus\n|-damage|p1a: Tornadus|56/100\n|-unboost|p2a: Hydrapple|spa|2\n|-enditem|p2a: Hydrapple|Eject Pack\n|\n|t:|1762114333\n|switch|p2a: Charizard-Prime|Charizard-Prime, M|100/100\n|\n|upkeep\n|turn|4\n|\n|t:|1762114348\n|move|p1a: Tornadus|U-turn|p2a: Charizard-Prime\n|-resisted|p2a: Charizard-Prime\n|-damage|p2a: Charizard-Prime|97/100\n|\n|t:|1762114358\n|switch|p1a: Scream Tail-Prime|Scream Tail-Prime|100/100|[from] U-turn\n|move|p2a: Charizard-Prime|Aeroblast|p1a: Scream Tail-Prime\n|-damage|p1a: Scream Tail-Prime|56/100\n|\n|-heal|p1a: Scream Tail-Prime|62/100|[from] item: Leftovers\n|upkeep\n|turn|5\n|\n|t:|1762114371\n|move|p2a: Charizard-Prime|Aeroblast|p1a: Scream Tail-Prime\n|-damage|p1a: Scream Tail-Prime|22/100\n|move|p1a: Scream Tail-Prime|Glitzy Glow|p2a: Charizard-Prime\n|-damage|p2a: Charizard-Prime|74/100\n|-sidestart|p1: drew0723|move: Light Screen\n|\n|-heal|p1a: Scream Tail-Prime|28/100|[from] item: Leftovers\n|upkeep\n|turn|6\n|\n|t:|1762114378\n|move|p2a: Charizard-Prime|Aeroblast|p1a: Scream Tail-Prime\n|-damage|p1a: Scream Tail-Prime|5/100\n|move|p1a: Scream Tail-Prime|Moonlight|p1a: Scream Tail-Prime\n|-heal|p1a: Scream Tail-Prime|55/100\n|\n|-heal|p1a: Scream Tail-Prime|61/100|[from] item: Leftovers\n|upkeep\n|turn|7\n|\n|t:|1762114385\n|move|p2a: Charizard-Prime|Aeroblast|p1a: Scream Tail-Prime\n|-damage|p1a: Scream Tail-Prime|41/100\n|move|p1a: Scream Tail-Prime|Moonlight|p1a: Scream Tail-Prime\n|-heal|p1a: Scream Tail-Prime|91/100\n|\n|-heal|p1a: Scream Tail-Prime|97/100|[from] item: Leftovers\n|upkeep\n|turn|8\n|\n|t:|1762114403\n|switch|p2a: Deoxys|Deoxys-Speed|100/100\n|-ability|p2a: Deoxys|Pressure\n|move|p1a: Scream Tail-Prime|Glitzy Glow|p2a: Deoxys\n|-resisted|p2a: Deoxys\n|-damage|p2a: Deoxys|88/100\n|\n|-heal|p2a: Deoxys|94/100|[from] item: Leftovers\n|-heal|p1a: Scream Tail-Prime|100/100|[from] item: Leftovers\n|upkeep\n|turn|9\n|\n|t:|1762114409\n|move|p2a: Deoxys|Skill Swap||[still]\n|-fail|p2a: Deoxys\n|move|p1a: Scream Tail-Prime|Torch Song|p2a: Deoxys\n|-damage|p2a: Deoxys|76/100\n|-boost|p1a: Scream Tail-Prime|spa|1\n|\n|-heal|p2a: Deoxys|82/100|[from] item: Leftovers\n|-sideend|p1: drew0723|move: Light Screen\n|upkeep\n|turn|10\n|\n|t:|1762114419\n|move|p2a: Deoxys|Throat Chop|p1a: Scream Tail-Prime\n|-damage|p1a: Scream Tail-Prime|93/100\n|-start|p1a: Scream Tail-Prime|Throat Chop|[silent]\n|cant|p1a: Scream Tail-Prime|move: Throat Chop\n|\n|-heal|p2a: Deoxys|89/100|[from] item: Leftovers\n|-heal|p1a: Scream Tail-Prime|99/100|[from] item: Leftovers\n|upkeep\n|turn|11\n|\n|t:|1762114438\n|move|p2a: Deoxys|Psychic|p1a: Scream Tail-Prime\n|-resisted|p1a: Scream Tail-Prime\n|-damage|p1a: Scream Tail-Prime|90/100\n|-unboost|p1a: Scream Tail-Prime|spd|1\n|move|p1a: Scream Tail-Prime|Glitzy Glow|p2a: Deoxys\n|-resisted|p2a: Deoxys\n|-damage|p2a: Deoxys|69/100\n|-sidestart|p1: drew0723|move: Light Screen\n|\n|-heal|p2a: Deoxys|75/100|[from] item: Leftovers\n|-heal|p1a: Scream Tail-Prime|96/100|[from] item: Leftovers\n|-end|p1a: Scream Tail-Prime|Throat Chop|[silent]\n|upkeep\n|turn|12\n|\n|t:|1762114449\n|move|p2a: Deoxys|Throat Chop|p1a: Scream Tail-Prime\n|-damage|p1a: Scream Tail-Prime|90/100\n|-start|p1a: Scream Tail-Prime|Throat Chop|[silent]\n|move|p1a: Scream Tail-Prime|Sparkly Swirl|p2a: Deoxys\n|-damage|p2a: Deoxys|16/100\n|-activate|p1a: Scream Tail-Prime|move: Aromatherapy\n|-curestatus|p1: Alomomola|tox|[msg]\n|\n|-heal|p2a: Deoxys|22/100|[from] item: Leftovers\n|-heal|p1a: Scream Tail-Prime|96/100|[from] item: Leftovers\n|upkeep\n|turn|13\n|\n|t:|1762114460\n|move|p2a: Deoxys|Recover|p2a: Deoxys\n|-heal|p2a: Deoxys|72/100\n|move|p1a: Scream Tail-Prime|Glitzy Glow|p2a: Deoxys\n|-resisted|p2a: Deoxys\n|-damage|p2a: Deoxys|52/100\n|\n|-heal|p2a: Deoxys|58/100|[from] item: Leftovers\n|-heal|p1a: Scream Tail-Prime|100/100|[from] item: Leftovers\n|-end|p1a: Scream Tail-Prime|Throat Chop|[silent]\n|upkeep\n|turn|14\n|\n|t:|1762114477\n|move|p2a: Deoxys|Throat Chop|p1a: Scream Tail-Prime\n|-crit|p1a: Scream Tail-Prime\n|-damage|p1a: Scream Tail-Prime|90/100\n|-start|p1a: Scream Tail-Prime|Throat Chop|[silent]\n|cant|p1a: Scream Tail-Prime|move: Throat Chop\n|\n|-heal|p2a: Deoxys|64/100|[from] item: Leftovers\n|-heal|p1a: Scream Tail-Prime|96/100|[from] item: Leftovers\n|upkeep\n|turn|15\n|\n|t:|1762114485\n|move|p2a: Deoxys|Psychic|p1a: Scream Tail-Prime\n|-resisted|p1a: Scream Tail-Prime\n|-damage|p1a: Scream Tail-Prime|90/100\n|move|p1a: Scream Tail-Prime|Sparkly Swirl|p2a: Deoxys\n|-damage|p2a: Deoxys|10/100\n|-activate|p1a: Scream Tail-Prime|move: Aromatherapy\n|\n|-heal|p2a: Deoxys|16/100|[from] item: Leftovers\n|-heal|p1a: Scream Tail-Prime|96/100|[from] item: Leftovers\n|-end|p1a: Scream Tail-Prime|Throat Chop|[silent]\n|-sideend|p1: drew0723|move: Light Screen\n|upkeep\n|turn|16\n|\n|t:|1762114494\n|move|p2a: Deoxys|Throat Chop|p1a: Scream Tail-Prime\n|-damage|p1a: Scream Tail-Prime|88/100\n|-start|p1a: Scream Tail-Prime|Throat Chop|[silent]\n|cant|p1a: Scream Tail-Prime|move: Throat Chop\n|\n|-heal|p2a: Deoxys|22/100|[from] item: Leftovers\n|-heal|p1a: Scream Tail-Prime|94/100|[from] item: Leftovers\n|upkeep\n|turn|17\n|\n|t:|1762114499\n|move|p2a: Deoxys|Recover|p2a: Deoxys\n|-heal|p2a: Deoxys|72/100\n|move|p1a: Scream Tail-Prime|Sparkly Swirl|p2a: Deoxys\n|-damage|p2a: Deoxys|10/100\n|-activate|p1a: Scream Tail-Prime|move: Aromatherapy\n|\n|-heal|p2a: Deoxys|16/100|[from] item: Leftovers\n|-heal|p1a: Scream Tail-Prime|99/100|[from] item: Leftovers\n|-end|p1a: Scream Tail-Prime|Throat Chop|[silent]\n|upkeep\n|turn|18\n|\n|t:|1762114505\n|move|p2a: Deoxys|Recover|p2a: Deoxys\n|-heal|p2a: Deoxys|66/100\n|move|p1a: Scream Tail-Prime|Sparkly Swirl|p2a: Deoxys\n|-damage|p2a: Deoxys|12/100\n|-activate|p1a: Scream Tail-Prime|move: Aromatherapy\n|\n|-heal|p2a: Deoxys|19/100|[from] item: Leftovers\n|-heal|p1a: Scream Tail-Prime|100/100|[from] item: Leftovers\n|upkeep\n|turn|19\n|c|☆drew0723|well palyed\n|\n|t:|1762114520\n|move|p2a: Deoxys|Throat Chop|p1a: Scream Tail-Prime\n|-damage|p1a: Scream Tail-Prime|93/100\n|-start|p1a: Scream Tail-Prime|Throat Chop|[silent]\n|move|p1a: Scream Tail-Prime|Glitzy Glow|p2a: Deoxys\n|-resisted|p2a: Deoxys\n|-damage|p2a: Deoxys|0 fnt\n|-sidestart|p1: drew0723|move: Light Screen\n|faint|p2a: Deoxys\n|\n|-heal|p1a: Scream Tail-Prime|99/100|[from] item: Leftovers\n|upkeep\n|\n|t:|1762114525\n|switch|p2a: Kommo-o|Kommo-o, F|100/100\n|turn|20\n|\n|t:|1762114543\n|-end|p1a: Scream Tail-Prime|Protosynthesis|[silent]\n|switch|p1a: Great Tusk|Great Tusk|100/100\n|-terastallize|p2a: Kommo-o|Steel\n|move|p2a: Kommo-o|Toxic|p1a: Great Tusk\n|-status|p1a: Great Tusk|tox\n|\n|-damage|p1a: Great Tusk|94/100 tox|[from] psn\n|upkeep\n|turn|21\n|\n|t:|1762114557\n|switch|p2a: Swampert-Prime|Swampert-Prime, M|100/100\n|move|p1a: Great Tusk|Stealth Rock|p2a: Swampert-Prime\n|-sidestart|p2: frogadierducklett|move: Stealth Rock\n|\n|-heal|p1a: Great Tusk|100/100 tox|[from] item: Leftovers\n|-damage|p1a: Great Tusk|88/100 tox|[from] psn\n|upkeep\n|turn|22\n|\n|t:|1762114581\n|-end|p1a: Great Tusk|Protosynthesis|[silent]\n|switch|p1a: Tornadus|Tornadus-Therian, M|89/100\n|move|p2a: Swampert-Prime|Aqua Step|p1a: Tornadus\n|-damage|p1a: Tornadus|42/100\n|-boost|p2a: Swampert-Prime|spe|1\n|\n|upkeep\n|turn|23\n|\n|t:|1762114592\n|switch|p1a: Alomomola|Alomomola, F|100/100\n|move|p2a: Swampert-Prime|Aqua Step|p1a: Alomomola\n|-resisted|p1a: Alomomola\n|-damage|p1a: Alomomola|91/100\n|-boost|p2a: Swampert-Prime|spe|1\n|\n|-sideend|p1: drew0723|move: Light Screen\n|upkeep\n|turn|24\n|\n|t:|1762114607\n|move|p2a: Swampert-Prime|Toxic|p1a: Alomomola\n|-status|p1a: Alomomola|tox\n|move|p1a: Alomomola|Flip Turn|p2a: Swampert-Prime\n|-damage|p2a: Swampert-Prime|90/100\n|\n|t:|1762114614\n|switch|p1a: Tornadus|Tornadus-Therian, M|75/100|[from] Flip Turn\n|\n|upkeep\n|turn|25\n|\n|t:|1762114629\n|switch|p1a: Alomomola|Alomomola, F|100/100 tox\n|move|p2a: Swampert-Prime|Toxic|p1a: Alomomola\n|-fail|p1a: Alomomola|tox\n|\n|-damage|p1a: Alomomola|94/100 tox|[from] psn\n|upkeep\n|turn|26\n|\n|t:|1762114637\n|move|p2a: Swampert-Prime|Flip Turn|p1a: Alomomola\n|-resisted|p1a: Alomomola\n|-damage|p1a: Alomomola|87/100 tox\n|\n|t:|1762114644\n|switch|p2a: Kommo-o|Kommo-o, F, tera:Steel|100/100|[from] Flip Turn\n|-damage|p2a: Kommo-o|94/100|[from] Stealth Rock\n|move|p1a: Alomomola|Flip Turn|p2a: Kommo-o\n|-damage|p2a: Kommo-o|86/100\n|\n|t:|1762114653\n|switch|p1a: Iron Moth|Iron Moth|100/100|[from] Flip Turn\n|-enditem|p1a: Iron Moth|Booster Energy\n|-activate|p1a: Iron Moth|ability: Quark Drive|[fromitem]\n|-start|p1a: Iron Moth|quarkdrivespa\n|\n|-heal|p2a: Kommo-o|92/100|[from] item: Leftovers\n|upkeep\n|turn|27\n|\n|t:|1762114669\n|switch|p2a: Swampert-Prime|Swampert-Prime, M|100/100\n|-damage|p2a: Swampert-Prime|94/100|[from] Stealth Rock\n|move|p1a: Iron Moth|Fiery Dance|p2a: Swampert-Prime\n|-resisted|p2a: Swampert-Prime\n|-damage|p2a: Swampert-Prime|78/100\n|-boost|p1a: Iron Moth|spa|1\n|\n|upkeep\n|turn|28\n|\n|t:|1762114681\n|move|p1a: Iron Moth|Energy Ball|p2a: Swampert-Prime\n|-supereffective|p2a: Swampert-Prime\n|-enditem|p2a: Swampert-Prime|Rindo Berry|[eat]\n|-enditem|p2a: Swampert-Prime|Rindo Berry|[weaken]\n|-damage|p2a: Swampert-Prime|5/100\n|move|p2a: Swampert-Prime|Earthquake|p1a: Iron Moth\n|-supereffective|p1a: Iron Moth\n|-damage|p1a: Iron Moth|0 fnt\n|faint|p1a: Iron Moth\n|-end|p1a: Iron Moth|Quark Drive|[silent]\n|\n|upkeep\n|\n|t:|1762114695\n|switch|p1a: Scream Tail-Prime|Scream Tail-Prime|99/100\n|turn|29\n|\n|t:|1762114700\n|switch|p2a: Kommo-o|Kommo-o, F, tera:Steel|92/100\n|-damage|p2a: Kommo-o|86/100|[from] Stealth Rock\n|move|p1a: Scream Tail-Prime|Torch Song|p2a: Kommo-o\n|-immune|p2a: Kommo-o|[from] ability: Soundproof\n|\n|-heal|p1a: Scream Tail-Prime|100/100|[from] item: Leftovers\n|-heal|p2a: Kommo-o|92/100|[from] item: Leftovers\n|upkeep\n|turn|30\n|\n|t:|1762114712\n|-end|p1a: Scream Tail-Prime|Protosynthesis|[silent]\n|switch|p1a: Alomomola|Alomomola, F|100/100 tox\n|move|p2a: Kommo-o|Stealth Rock|p1a: Alomomola\n|-sidestart|p1: drew0723|move: Stealth Rock\n|\n|-heal|p2a: Kommo-o|98/100|[from] item: Leftovers\n|-damage|p1a: Alomomola|94/100 tox|[from] psn\n|upkeep\n|turn|31\n|\n|t:|1762114739\n|switch|p2a: Swampert-Prime|Swampert-Prime, M|38/100\n|-damage|p2a: Swampert-Prime|32/100|[from] Stealth Rock\n|move|p1a: Alomomola|Scald|p2a: Swampert-Prime\n|-damage|p2a: Swampert-Prime|25/100\n|-status|p2a: Swampert-Prime|brn\n|\n|-damage|p1a: Alomomola|82/100 tox|[from] psn\n|-damage|p2a: Swampert-Prime|18/100 brn|[from] brn\n|upkeep\n|turn|32\n|\n|t:|1762114748\n|move|p2a: Swampert-Prime|Flip Turn|p1a: Alomomola\n|-resisted|p1a: Alomomola\n|-damage|p1a: Alomomola|79/100 tox\n|\n|t:|1762114750\n|switch|p2a: Hydrapple|Hydrapple, F|100/100 tox|[from] Flip Turn\n|-damage|p2a: Hydrapple|88/100 tox|[from] Stealth Rock\n|move|p1a: Alomomola|Wish|p1a: Alomomola\n|\n|-damage|p1a: Alomomola|60/100 tox|[from] psn\n|-damage|p2a: Hydrapple|82/100 tox|[from] psn\n|upkeep\n|turn|33\n|\n|t:|1762114803\n|switch|p1a: Arboliva|Arboliva, F|100/100\n|-damage|p1a: Arboliva|88/100|[from] Stealth Rock\n|move|p2a: Hydrapple|Draco Meteor|p1a: Arboliva\n|-damage|p1a: Arboliva|46/100\n|-unboost|p2a: Hydrapple|spa|2\n|-fieldstart|move: Grassy Terrain|[from] ability: Seed Sower|[of] p1a: Arboliva\n|\n|-heal|p1a: Arboliva|100/100|[from] move: Wish|[wisher] Alomomola\n|-heal|p2a: Hydrapple|88/100 tox|[from] Grassy Terrain\n|-damage|p2a: Hydrapple|76/100 tox|[from] psn\n|upkeep\n|turn|34\n|\n|t:|1762114845\n|switch|p2a: Iron Treads|Iron Treads|100/100\n|-damage|p2a: Iron Treads|97/100|[from] Stealth Rock\n|switch|p1a: Tornadus|Tornadus-Therian, M|100/100\n|\n|-heal|p2a: Iron Treads|100/100|[from] Grassy Terrain\n|upkeep\n|turn|35\n|\n|t:|1762114861\n|move|p1a: Tornadus|Heat Wave|p2a: Iron Treads\n|-supereffective|p2a: Iron Treads\n|-damage|p2a: Iron Treads|47/100\n|move|p2a: Iron Treads|Rapid Spin|p1a: Tornadus\n|-damage|p1a: Tornadus|81/100\n|-boost|p2a: Iron Treads|spe|1\n|-sideend|p2: frogadierducklett|Stealth Rock|[from] move: Rapid Spin|[of] p2a: Iron Treads\n|\n|-heal|p2a: Iron Treads|53/100|[from] Grassy Terrain\n|upkeep\n|turn|36\n|\n|t:|1762114875\n|move|p2a: Iron Treads|Volt Switch|p1a: Tornadus\n|-supereffective|p1a: Tornadus\n|-damage|p1a: Tornadus|54/100\n|\n|t:|1762114880\n|-end|p2a: Iron Treads|Quark Drive|[silent]\n|switch|p2a: Swampert-Prime|Swampert-Prime, M|52/100 brn|[from] Volt Switch\n|move|p1a: Tornadus|Defog|p2a: Swampert-Prime\n|-unboost|p2a: Swampert-Prime|evasion|1\n|-sideend|p1: drew0723|Stealth Rock|[from] move: Defog|[of] p1a: Tornadus\n|-fieldend|move: Grassy Terrain\n|\n|-damage|p2a: Swampert-Prime|46/100 brn|[from] brn\n|upkeep\n|turn|37\n|\n|t:|1762114890\n|move|p1a: Tornadus|U-turn|p2a: Swampert-Prime\n|-damage|p2a: Swampert-Prime|34/100 brn\n|\n|t:|1762114901\n|switch|p1a: Scream Tail-Prime|Scream Tail-Prime|100/100|[from] U-turn\n|move|p2a: Swampert-Prime|Flip Turn|p1a: Scream Tail-Prime\n|-damage|p1a: Scream Tail-Prime|95/100\n|\n|t:|1762114920\n|switch|p2a: Charizard-Prime|Charizard-Prime, M|74/100|[from] Flip Turn\n|\n|-heal|p1a: Scream Tail-Prime|100/100|[from] item: Leftovers\n|upkeep\n|turn|38\n|\n|t:|1762114935\n|move|p2a: Charizard-Prime|Aeroblast|p1a: Scream Tail-Prime\n|-damage|p1a: Scream Tail-Prime|57/100\n|move|p1a: Scream Tail-Prime|Glitzy Glow|p2a: Charizard-Prime\n|-damage|p2a: Charizard-Prime|51/100\n|-sidestart|p1: drew0723|move: Light Screen\n|\n|-heal|p1a: Scream Tail-Prime|64/100|[from] item: Leftovers\n|upkeep\n|turn|39\n|\n|t:|1762114947\n|move|p2a: Charizard-Prime|Aeroblast|p1a: Scream Tail-Prime\n|-damage|p1a: Scream Tail-Prime|43/100\n|move|p1a: Scream Tail-Prime|Torch Song|p2a: Charizard-Prime\n|-resisted|p2a: Charizard-Prime\n|-damage|p2a: Charizard-Prime|43/100\n|-boost|p1a: Scream Tail-Prime|spa|1\n|\n|-heal|p1a: Scream Tail-Prime|49/100|[from] item: Leftovers\n|upkeep\n|turn|40\n|\n|t:|1762114951\n|move|p2a: Charizard-Prime|Aeroblast|p1a: Scream Tail-Prime\n|-damage|p1a: Scream Tail-Prime|25/100\n|move|p1a: Scream Tail-Prime|Moonlight|p1a: Scream Tail-Prime\n|-heal|p1a: Scream Tail-Prime|75/100\n|\n|-heal|p1a: Scream Tail-Prime|81/100|[from] item: Leftovers\n|upkeep\n|turn|41\n|\n|t:|1762114957\n|switch|p2a: Kommo-o|Kommo-o, F, tera:Steel|98/100\n|move|p1a: Scream Tail-Prime|Glitzy Glow|p2a: Kommo-o\n|-resisted|p2a: Kommo-o\n|-damage|p2a: Kommo-o|82/100\n|\n|-heal|p1a: Scream Tail-Prime|88/100|[from] item: Leftovers\n|-heal|p2a: Kommo-o|88/100|[from] item: Leftovers\n|upkeep\n|turn|42\n|\n|t:|1762114962\n|-end|p1a: Scream Tail-Prime|Protosynthesis|[silent]\n|switch|p1a: Alomomola|Alomomola, F|93/100 tox\n|move|p2a: Kommo-o|Toxic|p1a: Alomomola\n|-fail|p1a: Alomomola|tox\n|\n|-heal|p2a: Kommo-o|94/100|[from] item: Leftovers\n|-damage|p1a: Alomomola|87/100 tox|[from] psn\n|-sideend|p1: drew0723|move: Light Screen\n|upkeep\n|turn|43\n|\n|t:|1762114967\n|move|p2a: Kommo-o|Stealth Rock|p1a: Alomomola\n|-sidestart|p1: drew0723|move: Stealth Rock\n|move|p1a: Alomomola|Flip Turn|p2a: Kommo-o\n|-damage|p2a: Kommo-o|86/100\n|\n|t:|1762114970\n|switch|p1a: Great Tusk|Great Tusk|88/100 tox|[from] Flip Turn\n|-damage|p1a: Great Tusk|85/100 tox|[from] Stealth Rock\n|\n|-heal|p1a: Great Tusk|91/100 tox|[from] item: Leftovers\n|-heal|p2a: Kommo-o|93/100|[from] item: Leftovers\n|-damage|p1a: Great Tusk|85/100 tox|[from] psn\n|upkeep\n|turn|44\n|\n|t:|1762114975\n|switch|p2a: Swampert-Prime|Swampert-Prime, M|68/100 brn\n|move|p1a: Great Tusk|Rapid Spin|p2a: Swampert-Prime\n|-damage|p2a: Swampert-Prime|53/100 brn\n|-boost|p1a: Great Tusk|spe|1\n|-sideend|p1: drew0723|Stealth Rock|[from] move: Rapid Spin|[of] p1a: Great Tusk\n|\n|-heal|p1a: Great Tusk|91/100 tox|[from] item: Leftovers\n|-damage|p1a: Great Tusk|79/100 tox|[from] psn\n|-damage|p2a: Swampert-Prime|47/100 brn|[from] brn\n|upkeep\n|turn|45\n|\n|t:|1762115003\n|move|p1a: Great Tusk|Earthquake|p2a: Swampert-Prime\n|-damage|p2a: Swampert-Prime|5/100 brn\n|move|p2a: Swampert-Prime|Flip Turn|p1a: Great Tusk\n|-supereffective|p1a: Great Tusk\n|-damage|p1a: Great Tusk|62/100 tox\n|\n|t:|1762115016\n|switch|p2a: Hydrapple|Hydrapple, F|100/100 tox|[from] Flip Turn\n|\n|-heal|p1a: Great Tusk|68/100 tox|[from] item: Leftovers\n|-damage|p1a: Great Tusk|50/100 tox|[from] psn\n|-damage|p2a: Hydrapple|94/100 tox|[from] psn\n|upkeep\n|turn|46\n|\n|t:|1762115036\n|-end|p1a: Great Tusk|Protosynthesis|[silent]\n|switch|p1a: Arboliva|Arboliva, F|100/100\n|switch|p2a: Swampert-Prime|Swampert-Prime, M|38/100 brn\n|\n|-damage|p2a: Swampert-Prime|32/100 brn|[from] brn\n|upkeep\n|turn|47\n|j|~SparksTheNeo\n|\n|t:|1762115077\n|move|p2a: Swampert-Prime|Toxic|p1a: Arboliva\n|-status|p1a: Arboliva|tox\n|move|p1a: Arboliva|Leech Seed|p2a: Swampert-Prime\n|-start|p2a: Swampert-Prime|move: Leech Seed\n|\n|-damage|p2a: Swampert-Prime|19/100 brn|[from] Leech Seed|[of] p1a: Arboliva\n|-damage|p1a: Arboliva|94/100 tox|[from] psn\n|-damage|p2a: Swampert-Prime|13/100 brn|[from] brn\n|upkeep\n|turn|48\n|\n|t:|1762115088\n|switch|p2a: Hydrapple|Hydrapple, F|100/100 tox\n|move|p1a: Arboliva|Leech Seed|p2a: Hydrapple\n|-immune|p2a: Hydrapple\n|\n|-heal|p1a: Arboliva|100/100 tox|[from] item: Leftovers\n|-damage|p2a: Hydrapple|94/100 tox|[from] psn\n|-damage|p1a: Arboliva|88/100 tox|[from] psn\n|upkeep\n|turn|49\n|\n|t:|1762115100\n|switch|p2a: Kommo-o|Kommo-o, F, tera:Steel|93/100\n|switch|p1a: Scream Tail-Prime|Scream Tail-Prime|88/100\n|\n|-heal|p1a: Scream Tail-Prime|94/100|[from] item: Leftovers\n|-heal|p2a: Kommo-o|99/100|[from] item: Leftovers\n|upkeep\n|turn|50\n|c|~SparksTheNeo|48 turns, 1 mon dead on each side\n|c|~SparksTheNeo|monka\n|\n|t:|1762115110\n|-end|p1a: Scream Tail-Prime|Protosynthesis|[silent]\n|switch|p1a: Alomomola|Alomomola, F|100/100 tox\n|move|p2a: Kommo-o|Body Press|p1a: Alomomola\n|-damage|p1a: Alomomola|75/100 tox\n|\n|-heal|p2a: Kommo-o|100/100|[from] item: Leftovers\n|-damage|p1a: Alomomola|69/100 tox|[from] psn\n|upkeep\n|turn|51\n|\n|t:|1762115119\n|move|p2a: Kommo-o|Body Press|p1a: Alomomola\n|-damage|p1a: Alomomola|45/100 tox\n|move|p1a: Alomomola|Wish|p1a: Alomomola\n|\n|-damage|p1a: Alomomola|33/100 tox|[from] psn\n|upkeep\n|turn|52\n|c|☆drew0723|dw\n|c|☆drew0723|this wont become week 1 again\n|\n|t:|1762115151\n|move|p1a: Alomomola|Flip Turn|p2a: Kommo-o\n|-damage|p2a: Kommo-o|92/100\n|\n|t:|1762115154\n|switch|p1a: Great Tusk|Great Tusk|50/100 tox|[from] Flip Turn\n|move|p2a: Kommo-o|Roar|p1a: Great Tusk\n|-end|p1a: Great Tusk|Protosynthesis|[silent]\n|drag|p1a: Arboliva|Arboliva, F|88/100 tox\n|\n|-heal|p1a: Arboliva|100/100 tox|[from] move: Wish|[wisher] Alomomola\n|-heal|p2a: Kommo-o|98/100|[from] item: Leftovers\n|-damage|p1a: Arboliva|94/100 tox|[from] psn\n|upkeep\n|turn|53\n|\n|t:|1762115177\n|move|p2a: Kommo-o|Body Press|p1a: Arboliva\n|-supereffective|p1a: Arboliva\n|-damage|p1a: Arboliva|4/100 tox\n|-fieldstart|move: Grassy Terrain|[from] ability: Seed Sower|[of] p1a: Arboliva\n|move|p1a: Arboliva|Leech Seed|p2a: Kommo-o|[miss]\n|-miss|p1a: Arboliva|p2a: Kommo-o\n|\n|-heal|p2a: Kommo-o|100/100|[from] Grassy Terrain\n|-heal|p1a: Arboliva|10/100 tox|[from] Grassy Terrain\n|-heal|p1a: Arboliva|16/100 tox|[from] item: Leftovers\n|-damage|p1a: Arboliva|4/100 tox|[from] psn\n|upkeep\n|turn|54\n|c|☆drew0723|pffffffttttt\n|\n|t:|1762115192\n|switch|p1a: Tornadus|Tornadus-Therian, M|87/100\n|move|p2a: Kommo-o|Body Press|p1a: Tornadus\n|-resisted|p1a: Tornadus\n|-damage|p1a: Tornadus|56/100\n|\n|upkeep\n|turn|55\n|c|~SparksTheNeo|rough\n|c|☆drew0723|i wasnt winning anyways\n|\n|t:|1762115205\n|switch|p2a: Swampert-Prime|Swampert-Prime, M|47/100 brn\n|move|p1a: Tornadus|U-turn|p2a: Swampert-Prime\n|-damage|p2a: Swampert-Prime|36/100 brn\n|\n|t:|1762115208\n|switch|p1a: Alomomola|Alomomola, F|66/100 tox|[from] U-turn\n|\n|-heal|p2a: Swampert-Prime|42/100 brn|[from] Grassy Terrain\n|-heal|p1a: Alomomola|73/100 tox|[from] Grassy Terrain\n|-damage|p1a: Alomomola|66/100 tox|[from] psn\n|-damage|p2a: Swampert-Prime|36/100 brn|[from] brn\n|upkeep\n|turn|56\n|\n|t:|1762115214\n|move|p2a: Swampert-Prime|Flip Turn|p1a: Alomomola\n|-resisted|p1a: Alomomola\n|-damage|p1a: Alomomola|63/100 tox\n|c|~SparksTheNeo|u have scream tail\n|\n|t:|1762115216\n|switch|p2a: Hydrapple|Hydrapple, F|100/100 tox|[from] Flip Turn\n|move|p1a: Alomomola|Wish|p1a: Alomomola\n|\n|-heal|p1a: Alomomola|69/100 tox|[from] Grassy Terrain\n|-damage|p1a: Alomomola|57/100 tox|[from] psn\n|-damage|p2a: Hydrapple|94/100 tox|[from] psn\n|upkeep\n|turn|57\n|c|~SparksTheNeo|free win\n|c|☆drew0723|that scream tail is walled\n|c|~SparksTheNeo|oh shit soundproof\n|c|~SparksTheNeo|holy\n|c|~SparksTheNeo|kommo is useful for the first time ever\n|c|☆drew0723|tera kommo-o is a demon\n|\n|t:|1762115280\n|switch|p1a: Tornadus|Tornadus-Therian, M|89/100\n|move|p2a: Hydrapple|Leaf Storm|p1a: Tornadus\n|-resisted|p1a: Tornadus\n|-damage|p1a: Tornadus|32/100\n|-unboost|p2a: Hydrapple|spa|2\n|\n|-heal|p1a: Tornadus|100/100|[from] move: Wish|[wisher] Alomomola\n|-heal|p2a: Hydrapple|100/100 tox|[from] Grassy Terrain\n|-damage|p2a: Hydrapple|88/100 tox|[from] psn\n|-fieldend|move: Grassy Terrain\n|upkeep\n|turn|58\n|\n|t:|1762115294\n|switch|p2a: Swampert-Prime|Swampert-Prime, M|69/100 brn\n|move|p1a: Tornadus|Hurricane|p2a: Swampert-Prime|[miss]\n|-miss|p1a: Tornadus|p2a: Swampert-Prime\n|\n|-damage|p2a: Swampert-Prime|63/100 brn|[from] brn\n|upkeep\n|turn|59\n|c|☆drew0723|ALRIGHT\n|c|☆drew0723|THAT ONE\n|c|☆drew0723|HURT\n|\n|t:|1762115320\n|move|p1a: Tornadus|Hurricane|p2a: Swampert-Prime\n|-damage|p2a: Swampert-Prime|37/100 brn\n|move|p2a: Swampert-Prime|Flip Turn|p1a: Tornadus\n|-crit|p1a: Tornadus\n|-damage|p1a: Tornadus|75/100\n|\n|t:|1762115332\n|switch|p2a: Charizard-Prime|Charizard-Prime, M|43/100|[from] Flip Turn\n|\n|upkeep\n|turn|60\n|\n|t:|1762115354\n|move|p1a: Tornadus|Hurricane|p2a: Charizard-Prime\n|-damage|p2a: Charizard-Prime|0 fnt\n|faint|p2a: Charizard-Prime\n|\n|upkeep\n|\n|t:|1762115358\n|switch|p2a: Iron Treads|Iron Treads|53/100\n|turn|61\n|\n|t:|1762115372\n|switch|p1a: Alomomola|Alomomola, F|90/100 tox\n|-end|p2a: Iron Treads|Quark Drive|[silent]\n|switch|p2a: Swampert-Prime|Swampert-Prime, M|71/100 brn\n|\n|-damage|p1a: Alomomola|84/100 tox|[from] psn\n|-damage|p2a: Swampert-Prime|65/100 brn|[from] brn\n|upkeep\n|turn|62\n|\n|t:|1762115380\n|move|p2a: Swampert-Prime|Flip Turn|p1a: Alomomola\n|-resisted|p1a: Alomomola\n|-damage|p1a: Alomomola|81/100 tox\n|\n|t:|1762115389\n|switch|p2a: Hydrapple|Hydrapple, F|100/100 tox|[from] Flip Turn\n|move|p1a: Alomomola|Wish|p1a: Alomomola\n|\n|-damage|p1a: Alomomola|68/100 tox|[from] psn\n|-damage|p2a: Hydrapple|94/100 tox|[from] psn\n|upkeep\n|turn|63\n|\n|t:|1762115407\n|switch|p1a: Scream Tail-Prime|Scream Tail-Prime|94/100\n|move|p2a: Hydrapple|Draco Meteor|p1a: Scream Tail-Prime\n|-immune|p1a: Scream Tail-Prime\n|\n|-heal|p1a: Scream Tail-Prime|100/100|[from] move: Wish|[wisher] Alomomola\n|-damage|p2a: Hydrapple|82/100 tox|[from] psn\n|upkeep\n|turn|64\n|\n|t:|1762115436\n|-end|p1a: Scream Tail-Prime|Protosynthesis|[silent]\n|switch|p1a: Great Tusk|Great Tusk|50/100 tox\n|switch|p2a: Kommo-o|Kommo-o, F, tera:Steel|100/100\n|\n|-heal|p1a: Great Tusk|56/100 tox|[from] item: Leftovers\n|-damage|p1a: Great Tusk|50/100 tox|[from] psn\n|upkeep\n|turn|65\n|\n|t:|1762115453\n|switch|p2a: Hydrapple|Hydrapple, F|100/100 tox\n|move|p1a: Great Tusk|Earthquake|p2a: Hydrapple\n|-resisted|p2a: Hydrapple\n|-damage|p2a: Hydrapple|79/100 tox\n|\n|-heal|p1a: Great Tusk|56/100 tox|[from] item: Leftovers\n|-damage|p1a: Great Tusk|44/100 tox|[from] psn\n|-damage|p2a: Hydrapple|73/100 tox|[from] psn\n|upkeep\n|turn|66\n|\n|t:|1762115460\n|move|p1a: Great Tusk|Ice Spinner|p2a: Hydrapple\n|-supereffective|p2a: Hydrapple\n|-damage|p2a: Hydrapple|0 fnt\n|faint|p2a: Hydrapple\n|\n|-heal|p1a: Great Tusk|50/100 tox|[from] item: Leftovers\n|-damage|p1a: Great Tusk|31/100 tox|[from] psn\n|upkeep\n|\n|t:|1762115464\n|switch|p2a: Iron Treads|Iron Treads|53/100\n|turn|67\n|c|☆drew0723|GOT EM\n|\n|t:|1762115483\n|-end|p1a: Great Tusk|Protosynthesis|[silent]\n|switch|p1a: Arboliva|Arboliva, F|4/100 tox\n|move|p2a: Iron Treads|Earthquake|p1a: Arboliva\n|-resisted|p1a: Arboliva\n|-damage|p1a: Arboliva|0 fnt\n|-fieldstart|move: Grassy Terrain|[from] ability: Seed Sower|[of] p1a: Arboliva\n|faint|p1a: Arboliva\n|\n|-heal|p2a: Iron Treads|59/100|[from] Grassy Terrain\n|upkeep\n|\n|t:|1762115487\n|switch|p1a: Alomomola|Alomomola, F|100/100 tox\n|turn|68\n|\n|t:|1762115492\n|move|p2a: Iron Treads|Volt Switch|p1a: Alomomola\n|-supereffective|p1a: Alomomola\n|-damage|p1a: Alomomola|76/100 tox\n|\n|t:|1762115494\n|-end|p2a: Iron Treads|Quark Drive|[silent]\n|switch|p2a: Kommo-o|Kommo-o, F, tera:Steel|100/100|[from] Volt Switch\n|move|p1a: Alomomola|Wish|p1a: Alomomola\n|\n|-heal|p1a: Alomomola|82/100 tox|[from] Grassy Terrain\n|-damage|p1a: Alomomola|76/100 tox|[from] psn\n|upkeep\n|turn|69\n|\n|t:|1762115502\n|move|p2a: Kommo-o|Toxic|p1a: Alomomola\n|-fail|p1a: Alomomola|tox\n|move|p1a: Alomomola|Scald|p2a: Kommo-o\n|-damage|p2a: Kommo-o|88/100\n|-status|p2a: Kommo-o|brn\n|\n|-heal|p1a: Alomomola|100/100 tox|[from] move: Wish|[wisher] Alomomola\n|-heal|p2a: Kommo-o|94/100 brn|[from] Grassy Terrain\n|-heal|p2a: Kommo-o|99/100 brn|[from] item: Leftovers\n|-damage|p1a: Alomomola|88/100 tox|[from] psn\n|-damage|p2a: Kommo-o|94/100 brn|[from] brn\n|upkeep\n|turn|70\n|\n|t:|1762115509\n|move|p2a: Kommo-o|Body Press|p1a: Alomomola\n|-damage|p1a: Alomomola|77/100 tox\n|move|p1a: Alomomola|Wish|p1a: Alomomola\n|\n|-heal|p2a: Kommo-o|99/100 brn|[from] Grassy Terrain\n|-heal|p2a: Kommo-o|100/100 brn|[from] item: Leftovers\n|-heal|p1a: Alomomola|83/100 tox|[from] Grassy Terrain\n|-damage|p1a: Alomomola|65/100 tox|[from] psn\n|-damage|p2a: Kommo-o|94/100 brn|[from] brn\n|upkeep\n|turn|71\n|\n|t:|1762115513\n|move|p1a: Alomomola|Flip Turn|p2a: Kommo-o\n|-damage|p2a: Kommo-o|86/100 brn\n|\n|t:|1762115516\n|switch|p1a: Great Tusk|Great Tusk|31/100 tox|[from] Flip Turn\n|move|p2a: Kommo-o|Roar|p1a: Great Tusk\n|-end|p1a: Great Tusk|Protosynthesis|[silent]\n|drag|p1a: Alomomola|Alomomola, F|98/100 tox\n|\n|-heal|p1a: Alomomola|100/100 tox|[from] move: Wish|[wisher] Alomomola\n|-heal|p2a: Kommo-o|92/100 brn|[from] Grassy Terrain\n|-heal|p2a: Kommo-o|98/100 brn|[from] item: Leftovers\n|-damage|p1a: Alomomola|94/100 tox|[from] psn\n|-damage|p2a: Kommo-o|92/100 brn|[from] brn\n|-fieldend|move: Grassy Terrain\n|upkeep\n|turn|72\n|\n|t:|1762115523\n|move|p2a: Kommo-o|Body Press|p1a: Alomomola\n|-damage|p1a: Alomomola|83/100 tox\n|move|p1a: Alomomola|Wish|p1a: Alomomola\n|\n|-heal|p2a: Kommo-o|98/100 brn|[from] item: Leftovers\n|-damage|p1a: Alomomola|71/100 tox|[from] psn\n|-damage|p2a: Kommo-o|92/100 brn|[from] brn\n|upkeep\n|turn|73\n|\n|t:|1762115530\n|move|p2a: Kommo-o|Body Press|p1a: Alomomola\n|-damage|p1a: Alomomola|59/100 tox\n|move|p1a: Alomomola|Flip Turn|p2a: Kommo-o\n|-damage|p2a: Kommo-o|83/100 brn\n|\n|t:|1762115532\n|switch|p1a: Great Tusk|Great Tusk|31/100 tox|[from] Flip Turn\n|\n|-heal|p1a: Great Tusk|93/100 tox|[from] move: Wish|[wisher] Alomomola\n|-heal|p1a: Great Tusk|99/100 tox|[from] item: Leftovers\n|-heal|p2a: Kommo-o|89/100 brn|[from] item: Leftovers\n|-damage|p1a: Great Tusk|93/100 tox|[from] psn\n|-damage|p2a: Kommo-o|83/100 brn|[from] brn\n|upkeep\n|turn|74\n|\n|t:|1762115536\n|switch|p2a: Swampert-Prime|Swampert-Prime, M|98/100 brn\n|move|p1a: Great Tusk|Earthquake|p2a: Swampert-Prime\n|-damage|p2a: Swampert-Prime|54/100 brn\n|\n|-heal|p1a: Great Tusk|99/100 tox|[from] item: Leftovers\n|-damage|p1a: Great Tusk|86/100 tox|[from] psn\n|-damage|p2a: Swampert-Prime|48/100 brn|[from] brn\n|upkeep\n|turn|75\n|\n|t:|1762115555\n|move|p1a: Great Tusk|Earthquake|p2a: Swampert-Prime\n|-damage|p2a: Swampert-Prime|3/100 brn\n|move|p2a: Swampert-Prime|Flip Turn|p1a: Great Tusk\n|-supereffective|p1a: Great Tusk\n|-damage|p1a: Great Tusk|68/100 tox\n|\n|t:|1762115559\n|switch|p2a: Iron Treads|Iron Treads|59/100|[from] Flip Turn\n|\n|-heal|p1a: Great Tusk|75/100 tox|[from] item: Leftovers\n|-damage|p1a: Great Tusk|56/100 tox|[from] psn\n|upkeep\n|turn|76\n|\n|t:|1762115563\n|-end|p1a: Great Tusk|Protosynthesis|[silent]\n|switch|p1a: Alomomola|Alomomola, F|92/100 tox\n|move|p2a: Iron Treads|Iron Head|p1a: Alomomola\n|-resisted|p1a: Alomomola\n|-damage|p1a: Alomomola|83/100 tox\n|\n|-damage|p1a: Alomomola|77/100 tox|[from] psn\n|upkeep\n|turn|77\n|\n|t:|1762115568\n|move|p2a: Iron Treads|Volt Switch|p1a: Alomomola\n|-supereffective|p1a: Alomomola\n|-damage|p1a: Alomomola|48/100 tox\n|\n|t:|1762115570\n|-end|p2a: Iron Treads|Quark Drive|[silent]\n|switch|p2a: Swampert-Prime|Swampert-Prime, M|37/100 brn|[from] Volt Switch\n|move|p1a: Alomomola|Flip Turn|p2a: Swampert-Prime\n|-damage|p2a: Swampert-Prime|27/100 brn\n|\n|t:|1762115578\n|switch|p1a: Great Tusk|Great Tusk|56/100 tox|[from] Flip Turn\n|\n|-heal|p1a: Great Tusk|62/100 tox|[from] item: Leftovers\n|-damage|p1a: Great Tusk|56/100 tox|[from] psn\n|-damage|p2a: Swampert-Prime|21/100 brn|[from] brn\n|upkeep\n|turn|78\n|\n|t:|1762115583\n|switch|p2a: Kommo-o|Kommo-o, F, tera:Steel|83/100 brn\n|move|p1a: Great Tusk|Earthquake|p2a: Kommo-o\n|-supereffective|p2a: Kommo-o\n|-damage|p2a: Kommo-o|8/100 brn\n|\n|-heal|p1a: Great Tusk|62/100 tox|[from] item: Leftovers\n|-heal|p2a: Kommo-o|14/100 brn|[from] item: Leftovers\n|-damage|p1a: Great Tusk|50/100 tox|[from] psn\n|-damage|p2a: Kommo-o|8/100 brn|[from] brn\n|upkeep\n|turn|79\n|\n|t:|1762115595\n|-end|p1a: Great Tusk|Protosynthesis|[silent]\n|switch|p1a: Alomomola|Alomomola, F|81/100 tox\n|move|p2a: Kommo-o|Roar|p1a: Alomomola\n|drag|p1a: Scream Tail-Prime|Scream Tail-Prime|100/100\n|\n|-heal|p2a: Kommo-o|14/100 brn|[from] item: Leftovers\n|-damage|p2a: Kommo-o|8/100 brn|[from] brn\n|upkeep\n|turn|80\n|\n|t:|1762115604\n|move|p1a: Scream Tail-Prime|Glitzy Glow|p2a: Kommo-o\n|-resisted|p2a: Kommo-o\n|-damage|p2a: Kommo-o|0 fnt\n|-sidestart|p1: drew0723|move: Light Screen\n|faint|p2a: Kommo-o\n|\n|upkeep\n|\n|t:|1762115607\n|switch|p2a: Iron Treads|Iron Treads|59/100\n|turn|81\n|\n|t:|1762115611\n|move|p2a: Iron Treads|Earthquake|p1a: Scream Tail-Prime\n|-damage|p1a: Scream Tail-Prime|78/100\n|move|p1a: Scream Tail-Prime|Torch Song|p2a: Iron Treads\n|-supereffective|p2a: Iron Treads\n|-damage|p2a: Iron Treads|29/100\n|-boost|p1a: Scream Tail-Prime|spa|1\n|\n|-heal|p1a: Scream Tail-Prime|84/100|[from] item: Leftovers\n|upkeep\n|turn|82\n|\n|t:|1762115613\n|move|p2a: Iron Treads|Iron Head|p1a: Scream Tail-Prime\n|-supereffective|p1a: Scream Tail-Prime\n|-damage|p1a: Scream Tail-Prime|49/100\n|move|p1a: Scream Tail-Prime|Torch Song|p2a: Iron Treads\n|-supereffective|p2a: Iron Treads\n|-damage|p2a: Iron Treads|0 fnt\n|-boost|p1a: Scream Tail-Prime|spa|1\n|faint|p2a: Iron Treads\n|-end|p2a: Iron Treads|Quark Drive|[silent]\n|\n|-heal|p1a: Scream Tail-Prime|55/100|[from] item: Leftovers\n|upkeep\n|\n|t:|1762115615\n|switch|p2a: Swampert-Prime|Swampert-Prime, M|54/100 brn\n|turn|83\n|\n|t:|1762115617\n|move|p1a: Scream Tail-Prime|Glitzy Glow|p2a: Swampert-Prime|[miss]\n|-miss|p1a: Scream Tail-Prime|p2a: Swampert-Prime\n|move|p2a: Swampert-Prime|Earthquake|p1a: Scream Tail-Prime\n|-damage|p1a: Scream Tail-Prime|45/100\n|\n|-heal|p1a: Scream Tail-Prime|51/100|[from] item: Leftovers\n|-damage|p2a: Swampert-Prime|48/100 brn|[from] brn\n|upkeep\n|turn|84\n|\n|t:|1762115620\n|move|p1a: Scream Tail-Prime|Glitzy Glow|p2a: Swampert-Prime\n|-damage|p2a: Swampert-Prime|25/100 brn\n|move|p2a: Swampert-Prime|Earthquake|p1a: Scream Tail-Prime\n|-damage|p1a: Scream Tail-Prime|41/100\n|\n|-heal|p1a: Scream Tail-Prime|47/100|[from] item: Leftovers\n|-damage|p2a: Swampert-Prime|19/100 brn|[from] brn\n|-sideend|p1: drew0723|move: Light Screen\n|upkeep\n|turn|85\n|c|☆frogadierducklett|Ggs\n|c|☆drew0723|GG\n|\n|t:|1762115626\n|move|p1a: Scream Tail-Prime|Glitzy Glow|p2a: Swampert-Prime\n|-damage|p2a: Swampert-Prime|0 fnt\n|-sidestart|p1: drew0723|move: Light Screen\n|faint|p2a: Swampert-Prime\n|\n|win|drew0723\n|c|☆drew0723|...\n|c|☆drew0723|apparently 85 turns is too muc\n|c|☆drew0723|much*\n","players":["drew0723","frogadierducklett"],"format":"[Gen 9] NatDex Draft","rating":null,"private":0,"password":null,"inputlog":">version 2352b00944e7462b49311a255b814d2e23110915\n>start {\"formatid\":\"gen9natdexdraft@@@Tera Type Preview\",\"seed\":\"sodium,f12b3db480fd778378ae643c3692af5e\"}\n>player p1 {\"name\":\"drew0723\",\"avatar\":\"1\",\"team\":\"Scream Tail-Prime||Leftovers|Protosynthesis|SparklySwirl,TorchSong,GlitzyGlow,Moonlight|Bold|248,,252,,8,|N|,0,,,,|||,,,,,Fairy]Great Tusk||Leftovers|Protosynthesis|Earthquake,IceSpinner,StealthRock,RapidSpin|Adamant|252,252,,,4,|N||||,Fighting,,,,Ground]Tornadus|TornadusTherian|HeavyDutyBoots|Regenerator|Hurricane,HeatWave,Defog,Uturn|Timid|,,4,252,,252|M||||,,,,,Rock]Iron Moth||BoosterEnergy|QuarkDrive|FieryDance,SludgeWave,EnergyBall,ToxicSpikes|Timid|32,,,252,,224|N|,0,,,,|||,,,,,Fire]Alomomola||HeavyDutyBoots|Regenerator|Scald,Toxic,Wish,FlipTurn|Bold|252,,252,,4,|F||||,,,,,Water]Arboliva||Leftovers|SeedSower|GigaDrain,AlluringVoice,LeechSeed,Encore|Calm|248,,8,,252,|F|,0,,,,|||,,,,,Water\",\"rating\":0}\n>player p2 {\"name\":\"frogadierducklett\",\"avatar\":\"170\",\"team\":\"Deoxys|DeoxysSpeed|Leftovers|Pressure|SkillSwap,ThroatChop,Psychic,Recover|Timid|252,,,104,128,24|N||||,,,,,Psychic]Charizard-Prime||ChoiceSpecs|BeastBoost|FireBlast,Overheat,Aeroblast,EarthPower|Timid|,,,252,4,252|M|,0,,,,|||,,,,,Fire]Swampert-Prime||RindoBerry|Regenerator|Earthquake,FlipTurn,AquaStep,Toxic|Careful|240,,,,240,28|M||||,,,,,Water]Kommo-o||Leftovers|Soundproof|StealthRock,Toxic,Roar,BodyPress|Bold|252,,252,,4,|F|,0,,,,|||,,,,,Steel]Iron Treads||AssaultVest|QuarkDrive|RapidSpin,IronHead,Earthquake,VoltSwitch|Jolly|,252,,,4,252|N||||,,,,,Ground]Hydrapple||EjectPack|Regenerator|LeafStorm,DracoMeteor,EarthPower,TeraBlast|Modest|248,,,252,8,|F||||,,,,,Poison\",\"rating\":0}\n>chat ☆frogadierducklett|Glhf!\n>chat ☆drew0723|Good Luck, Have Fun!\n>p1 team 3, 2, 1, 4, 5, 6\n>p2 team 3, 2, 1, 4, 5, 6\n>p1 move uturn\n>p2 move toxic\n>p1 switch 5\n>p1 move toxic\n>p2 move flipturn\n>p2 switch 6\n>p1 switch 5\n>p2 move leafstorm\n>p2 switch 2\n>p1 move uturn\n>p2 move aeroblast\n>p1 switch 3\n>p1 move glitzyglow\n>p2 move aeroblast\n>p1 move moonlight\n>p2 move aeroblast\n>p1 move moonlight\n>p2 move aeroblast\n>p1 move glitzyglow\n>p2 switch 3\n>p1 move torchsong\n>p2 move skillswap\n>p1 move torchsong\n>p2 move throatchop\n>p1 move glitzyglow\n>p2 move psychic\n>p1 move sparklyswirl\n>p2 move throatchop\n>p1 move glitzyglow\n>p2 move recover\n>p1 move torchsong\n>p2 move throatchop\n>p1 move sparklyswirl\n>p2 move psychic\n>p1 move torchsong\n>p2 move throatchop\n>p1 move sparklyswirl\n>p2 move recover\n>p1 move sparklyswirl\n>p2 move recover\n>chat ☆drew0723|well palyed\n>p1 move glitzyglow\n>p2 move throatchop\n>p2 switch 4\n>p1 switch 2\n>p2 move toxic terastallize\n>p1 move stealthrock\n>p2 switch 6\n>p1 switch 3\n>p2 move aquastep\n>p1 switch 5\n>p2 move aquastep\n>p1 move flipturn\n>p2 move toxic\n>p1 switch 5\n>p1 switch 5\n>p2 move toxic\n>p1 move flipturn\n>p2 move flipturn\n>p2 switch 6\n>p1 switch 4\n>p1 move fierydance\n>p2 switch 6\n>p1 move energyball\n>p2 move earthquake\n>p1 switch 2\n>p1 move torchsong\n>p2 switch 6\n>p1 switch 4\n>p2 move stealthrock\n>p1 move scald\n>p2 switch 6\n>p1 move wish\n>p2 move flipturn\n>p2 switch 2\n>p1 switch 6\n>p2 move dracometeor\n>p1 switch 5\n>p2 switch 5\n>p1 move heatwave\n>p2 move rapidspin\n>p1 move defog\n>p2 move voltswitch\n>p2 switch 2\n>p1 move uturn\n>p2 move flipturn\n>p1 switch 4\n>p2 switch 3\n>p1 move glitzyglow\n>p2 move aeroblast\n>p1 move torchsong\n>p2 move aeroblast\n>p1 move moonlight\n>p2 move aeroblast\n>p1 move glitzyglow\n>p2 switch 6\n>p1 switch 6\n>p2 move toxic\n>p1 move flipturn\n>p2 move stealthrock\n>p1 switch 3\n>p1 move rapidspin\n>p2 switch 3\n>p1 move earthquake\n>p2 move flipturn\n>p2 switch 5\n>p1 switch 5\n>p2 switch 5\n>p1 move leechseed\n>p2 move toxic\n>p1 move leechseed\n>p2 switch 5\n>p1 switch 6\n>p2 switch 3\n>chat ~SparksTheNeo|48 turns, 1 mon dead on each side\n>chat ~SparksTheNeo|monka\n>p1 switch 3\n>p2 move bodypress\n>p1 move wish\n>p2 move bodypress\n>chat ☆drew0723|dw\n>chat ☆drew0723|this wont become week 1 again\n>p1 move flipturn\n>p2 move roar\n>p1 switch 5\n>p1 move leechseed\n>p2 move bodypress\n>chat ☆drew0723|pffffffttttt\n>p1 switch 4\n>p2 move bodypress\n>chat ~SparksTheNeo|rough\n>chat ☆drew0723|i wasnt winning anyways\n>p1 move uturn\n>p2 switch 5\n>p1 switch 5\n>p1 move wish\n>p2 move flipturn\n>chat ~SparksTheNeo|u have scream tail\n>p2 switch 3\n>chat ~SparksTheNeo|free win\n>chat ☆drew0723|that scream tail is walled\n>chat ~SparksTheNeo|oh shit soundproof\n>chat ~SparksTheNeo|holy\n>chat ~SparksTheNeo|kommo is useful for the first time ever\n>chat ☆drew0723|tera kommo-o is a demon\n>p1 switch 5\n>p2 move leafstorm\n>p1 move hurricane\n>p2 switch 3\n>chat ☆drew0723|ALRIGHT\n>chat ☆drew0723|THAT ONE\n>chat ☆drew0723|HURT\n>p1 move hurricane\n>p2 move flipturn\n>p2 switch 6\n>p1 move hurricane\n>p2 move fireblast\n>p2 switch 2\n>p1 switch 5\n>p2 switch 6\n>p1 move wish\n>p2 move flipturn\n>p2 switch 3\n>p1 switch 3\n>p2 move dracometeor\n>p1 switch 6\n>p2 switch 5\n>p1 move earthquake\n>p2 switch 5\n>p1 move icespinner\n>p2 move leafstorm\n>p2 switch 6\n>chat ☆drew0723|GOT EM\n>p1 switch 4\n>p2 move earthquake\n>p1 switch 3\n>p1 move wish\n>p2 move voltswitch\n>p2 switch 5\n>p1 move scald\n>p2 move toxic\n>p1 move wish\n>p2 move bodypress\n>p1 move flipturn\n>p2 move roar\n>p1 switch 4\n>p1 move wish\n>p2 move bodypress\n>p1 move flipturn\n>p2 move bodypress\n>p1 switch 4\n>p1 move earthquake\n>p2 switch 3\n>p1 move earthquake\n>p2 move flipturn\n>p2 switch 5\n>p1 switch 4\n>p2 move ironhead\n>p1 move flipturn\n>p2 move voltswitch\n>p2 switch 5\n>p1 switch 4\n>p1 move earthquake\n>p2 switch 3\n>p1 switch 4\n>p2 move roar\n>p1 move glitzyglow\n>p2 move stealthrock\n>p2 switch 5\n>p1 move torchsong\n>p2 move earthquake\n>p1 move torchsong\n>p2 move ironhead\n>p2 switch 3\n>p1 move glitzyglow\n>p2 move earthquake\n>p1 move glitzyglow\n>p2 move earthquake\n>chat ☆frogadierducklett|Ggs\n>chat ☆drew0723|GG\n>p1 move glitzyglow\n>p2 move earthquake","uploadtime":1762115647}