{"id":"gen9natdexdraft-508","log":"|j|☆The_Shawdoin\n|j|☆Artman_Shan\n|t:|1763834244\n|gametype|singles\n|player|p1|The_Shawdoin|caitlin|\n|player|p2|Artman_Shan|101|\n|gen|9\n|tier|[Gen 9] NatDex Draft\n|rule|Tera Type Preview: Tera Types are shown at Team Preview\n|rule|Sleep Clause Mod: Limit one foe put to sleep\n|rule|OHKO Clause: OHKO moves are banned\n|rule|Evasion Clause: Evasion abilities, items, and moves are banned\n|rule|Evasion Abilities Clause: Evasion abilities are banned\n|rule|Evasion Items Clause: Evasion items are banned\n|rule|Evasion Moves Clause: Evasion moves are banned\n|rule|Endless Battle Clause: Forcing endless battles is banned\n|rule|HP Percentage Mod: HP is shown in percentages\n|raw|<div class=\"infobox\"><details class=\"readmore\" open><summary><strong>1 custom rule:</strong></summary> Tera Type Preview</details></div>\n|clearpoke\n|poke|p1|Drifblim-Hell, F|\n|poke|p1|Wild Wind, M|\n|poke|p1|Zapdos|\n|poke|p1|Gouging Fire|\n|poke|p1|Terapagos, M|\n|poke|p1|Iron Saw, F|\n|poke|p2|Miltank, F|\n|poke|p2|Pincurchin, M|\n|poke|p2|Gliscor, F|\n|poke|p2|Forretress, F|\n|poke|p2|Iron Spike, M|\n|poke|p2|Sneasler, F|\n|raw|The_Shawdoin's Tera Types:<br /><psicon pokemon=\"drifblimhell\" /><psicon type=\"Water\" /> / <psicon pokemon=\"wildwind\" /><psicon type=\"Poison\" /> / <psicon pokemon=\"zapdos\" /><psicon type=\"Fire\" /> / <psicon pokemon=\"gougingfire\" /><psicon type=\"Fire\" /> / <psicon pokemon=\"terapagos\" /><psicon type=\"Stellar\" /> / <psicon pokemon=\"ironsaw\" /><psicon type=\"Electric\" />\n|raw|Artman_Shan's Tera Types:<br /><psicon pokemon=\"miltank\" /><psicon type=\"Normal\" /> / <psicon pokemon=\"pincurchin\" /><psicon type=\"Electric\" /> / <psicon pokemon=\"gliscor\" /><psicon type=\"Ground\" /> / <psicon pokemon=\"forretress\" /><psicon type=\"Water\" /> / <psicon pokemon=\"ironspike\" /><psicon type=\"Water\" /> / <psicon pokemon=\"sneasler\" /><psicon type=\"Fighting\" />\n|teampreview\n|c|☆The_Shawdoin|gl hf\n|c|☆Artman_Shan|GLHF \n|\n|t:|1763834276\n|teamsize|p1|6\n|teamsize|p2|6\n|start\n|switch|p1a: Gouging Fire|Gouging Fire|100/100\n|switch|p2a: Forretress|Forretress, F|100/100\n|turn|1\n|j|~SparksTheNeo\n|\n|t:|1763834296\n|move|p2a: Forretress|Protect|p2a: Forretress\n|-singleturn|p2a: Forretress|Protect\n|move|p1a: Gouging Fire|Heat Crash|p2a: Forretress\n|-activate|p2a: Forretress|move: Protect\n|\n|upkeep\n|turn|2\n|\n|t:|1763834312\n|switch|p2a: Gliscor|Gliscor, F|100/100\n|move|p1a: Gouging Fire|Heat Crash|p2a: Gliscor\n|-damage|p2a: Gliscor|39/100\n|\n|-status|p2a: Gliscor|tox|[from] item: Toxic Orb\n|upkeep\n|turn|3\n|\n|t:|1763834321\n|move|p2a: Gliscor|Protect|p2a: Gliscor\n|-singleturn|p2a: Gliscor|Protect\n|move|p1a: Gouging Fire|Heat Crash|p2a: Gliscor\n|-activate|p2a: Gliscor|move: Protect\n|\n|-heal|p2a: Gliscor|52/100 tox|[from] ability: Poison Heal\n|upkeep\n|turn|4\n|\n|t:|1763834333\n|move|p2a: Gliscor|Earthquake|p1a: Gouging Fire\n|-supereffective|p1a: Gouging Fire\n|-damage|p1a: Gouging Fire|42/100\n|move|p1a: Gouging Fire|Heat Crash|p2a: Gliscor\n|-damage|p2a: Gliscor|0 fnt\n|faint|p2a: Gliscor\n|\n|-heal|p1a: Gouging Fire|48/100|[from] item: Leftovers\n|upkeep\n|\n|t:|1763834347\n|switch|p2a: Iron Spike|Iron Spike, M|100/100\n|turn|5\n|\n|t:|1763834353\n|move|p1a: Gouging Fire|Burning Bulwark|p1a: Gouging Fire\n|-singleturn|p1a: Gouging Fire|move: Protect\n|move|p2a: Iron Spike|Protect||[still]\n|-fail|p2a: Iron Spike\n|\n|-heal|p1a: Gouging Fire|54/100|[from] item: Leftovers\n|upkeep\n|turn|6\n|\n|t:|1763834364\n|move|p1a: Gouging Fire|Morning Sun|p1a: Gouging Fire\n|-heal|p1a: Gouging Fire|100/100\n|move|p2a: Iron Spike|Moonblast|p1a: Gouging Fire\n|-damage|p1a: Gouging Fire|81/100\n|\n|-heal|p1a: Gouging Fire|87/100|[from] item: Leftovers\n|upkeep\n|turn|7\n|\n|t:|1763834377\n|move|p1a: Gouging Fire|Earthquake|p2a: Iron Spike\n|-supereffective|p2a: Iron Spike\n|-damage|p2a: Iron Spike|38/100\n|move|p2a: Iron Spike|Moonblast|p1a: Gouging Fire\n|-damage|p1a: Gouging Fire|66/100\n|-unboost|p1a: Gouging Fire|spa|1\n|\n|-heal|p1a: Gouging Fire|72/100|[from] item: Leftovers\n|-heal|p2a: Iron Spike|44/100|[from] item: Leftovers\n|upkeep\n|turn|8\n|\n|t:|1763834393\n|-end|p2a: Iron Spike|Quark Drive|[silent]\n|switch|p2a: Pincurchin|Pincurchin, M|100/100\n|-fieldstart|move: Electric Terrain|[from] ability: Electric Surge|[of] p2a: Pincurchin\n|move|p1a: Gouging Fire|Earthquake|p2a: Pincurchin\n|-supereffective|p2a: Pincurchin\n|-damage|p2a: Pincurchin|44/100\n|\n|-heal|p1a: Gouging Fire|78/100|[from] item: Leftovers\n|upkeep\n|turn|9\n|\n|t:|1763834406\n|move|p1a: Gouging Fire|Earthquake|p2a: Pincurchin\n|-supereffective|p2a: Pincurchin\n|-damage|p2a: Pincurchin|0 fnt\n|faint|p2a: Pincurchin\n|\n|-heal|p1a: Gouging Fire|84/100|[from] item: Leftovers\n|upkeep\n|\n|t:|1763834428\n|switch|p2a: Miltank|Miltank, F|100/100\n|turn|10\n|\n|t:|1763834434\n|move|p2a: Miltank|Earthquake|p1a: Gouging Fire\n|-supereffective|p1a: Gouging Fire\n|-damage|p1a: Gouging Fire|47/100\n|move|p1a: Gouging Fire|Heat Crash|p2a: Miltank\n|-damage|p2a: Miltank|41/100\n|\n|-heal|p1a: Gouging Fire|53/100|[from] item: Leftovers\n|upkeep\n|turn|11\n|\n|t:|1763834446\n|detailschange|p2a: Miltank|Miltank-Mega, F\n|-mega|p2a: Miltank|Miltank|Miltankite\n|move|p1a: Gouging Fire|Burning Bulwark|p1a: Gouging Fire\n|-singleturn|p1a: Gouging Fire|move: Protect\n|move|p2a: Miltank|Milk Drink|p2a: Miltank\n|-heal|p2a: Miltank|91/100\n|\n|-heal|p1a: Gouging Fire|59/100|[from] item: Leftovers\n|upkeep\n|turn|12\n|\n|t:|1763834492\n|-end|p1a: Gouging Fire|Protosynthesis|[silent]\n|switch|p1a: Wild Wind|Wild Wind, M|100/100\n|move|p2a: Miltank|Iron Head|p1a: Wild Wind\n|-supereffective|p1a: Wild Wind\n|-damage|p1a: Wild Wind|65/100\n|-damage|p2a: Miltank|74/100|[from] item: Rocky Helmet|[of] p1a: Wild Wind\n|\n|upkeep\n|turn|13\n|\n|t:|1763834506\n|move|p2a: Miltank|Iron Head|p1a: Wild Wind\n|-ability|p2a: Miltank|Reptitive Force\n|-message|Miltank's consecutive hits boost its power (x1.2)\n|-supereffective|p1a: Wild Wind\n|-damage|p1a: Wild Wind|23/100\n|-damage|p2a: Miltank|58/100|[from] item: Rocky Helmet|[of] p1a: Wild Wind\n|move|p1a: Wild Wind|Leech Seed|p2a: Miltank\n|-start|p2a: Miltank|move: Leech Seed\n|\n|-damage|p2a: Miltank|45/100|[from] Leech Seed|[of] p1a: Wild Wind\n|-heal|p1a: Wild Wind|33/100|[silent]\n|upkeep\n|turn|14\n|\n|t:|1763834519\n|switch|p2a: Forretress|Forretress, F|100/100\n|-end|p1a: Wild Wind|Protosynthesis|[silent]\n|switch|p1a: Zapdos|Zapdos|100/100\n|\n|upkeep\n|turn|15\n|\n|t:|1763834531\n|move|p1a: Zapdos|Heat Wave|p2a: Forretress\n|-supereffective|p2a: Forretress\n|-ability|p2a: Forretress|Sturdy\n|-damage|p2a: Forretress|1/100\n|-enditem|p2a: Forretress|Salac Berry|[eat]\n|-boost|p2a: Forretress|spe|1|[from] item: Salac Berry\n|move|p2a: Forretress|Toxic Spikes|p1a: Zapdos\n|-sidestart|p1: The_Shawdoin|move: Toxic Spikes\n|\n|-fieldend|move: Electric Terrain\n|upkeep\n|turn|16\n|\n|t:|1763834545\n|move|p1a: Zapdos|Thunderbolt|p2a: Forretress\n|-damage|p2a: Forretress|0 fnt\n|faint|p2a: Forretress\n|\n|upkeep\n|\n|t:|1763834557\n|switch|p2a: Sneasler|Sneasler, F|100/100\n|-item|p2a: Sneasler|Air Balloon\n|turn|17\n|\n|t:|1763834562\n|switch|p1a: Drifblim-Hell|Drifblim-Hell, F|100/100\n|-sideend|p1: The_Shawdoin|move: Toxic Spikes|[of] p1a: Drifblim-Hell\n|move|p2a: Sneasler|Fake Out|p1a: Drifblim-Hell\n|-damage|p1a: Drifblim-Hell|86/100\n|\n|upkeep\n|turn|18\n|\n|t:|1763834571\n|detailschange|p1a: Drifblim-Hell|Drifblim-Hell-Mega, F\n|-mega|p1a: Drifblim-Hell|Drifblim-Hell|Drifblimite Hell\n|move|p2a: Sneasler|Acrobatics|p1a: Drifblim-Hell\n|-damage|p1a: Drifblim-Hell|71/100\n|move|p1a: Drifblim-Hell|Strength Sap|p2a: Sneasler\n|-unboost|p2a: Sneasler|atk|1\n|-heal|p1a: Drifblim-Hell|100/100\n|\n|upkeep\n|turn|19\n|\n|t:|1763834581\n|move|p2a: Sneasler|Dire Claw|p1a: Drifblim-Hell\n|-resisted|p1a: Drifblim-Hell\n|-damage|p1a: Drifblim-Hell|89/100\n|move|p1a: Drifblim-Hell|Calm Mind|p1a: Drifblim-Hell\n|-boost|p1a: Drifblim-Hell|spa|1\n|-boost|p1a: Drifblim-Hell|spd|1\n|\n|upkeep\n|turn|20\n|\n|t:|1763834596\n|switch|p2a: Iron Spike|Iron Spike, M|44/100\n|move|p1a: Drifblim-Hell|Calm Mind|p1a: Drifblim-Hell\n|-boost|p1a: Drifblim-Hell|spa|1\n|-boost|p1a: Drifblim-Hell|spd|1\n|\n|-heal|p2a: Iron Spike|50/100|[from] item: Leftovers\n|upkeep\n|turn|21\n|\n|t:|1763834606\n|move|p2a: Iron Spike|Rapid Spin|p1a: Drifblim-Hell\n|-damage|p1a: Drifblim-Hell|82/100\n|-boost|p2a: Iron Spike|spe|1\n|move|p1a: Drifblim-Hell|Calm Mind|p1a: Drifblim-Hell\n|-boost|p1a: Drifblim-Hell|spa|1\n|-boost|p1a: Drifblim-Hell|spd|1\n|\n|-heal|p2a: Iron Spike|56/100|[from] item: Leftovers\n|upkeep\n|turn|22\n|\n|t:|1763834616\n|move|p2a: Iron Spike|Rapid Spin|p1a: Drifblim-Hell\n|-damage|p1a: Drifblim-Hell|76/100\n|-boost|p2a: Iron Spike|spe|1\n|move|p1a: Drifblim-Hell|Strength Sap|p2a: Iron Spike\n|-unboost|p2a: Iron Spike|atk|1\n|-heal|p1a: Drifblim-Hell|100/100\n|\n|-heal|p2a: Iron Spike|62/100|[from] item: Leftovers\n|upkeep\n|turn|23\n|\n|t:|1763834628\n|move|p2a: Iron Spike|Moonblast|p1a: Drifblim-Hell\n|-resisted|p1a: Drifblim-Hell\n|-damage|p1a: Drifblim-Hell|98/100\n|move|p1a: Drifblim-Hell|Calm Mind|p1a: Drifblim-Hell\n|-boost|p1a: Drifblim-Hell|spa|1\n|-boost|p1a: Drifblim-Hell|spd|1\n|\n|-heal|p2a: Iron Spike|69/100|[from] item: Leftovers\n|upkeep\n|turn|24\n|\n|t:|1763834655\n|move|p2a: Iron Spike|Rapid Spin|p1a: Drifblim-Hell\n|-crit|p1a: Drifblim-Hell\n|-damage|p1a: Drifblim-Hell|88/100\n|-boost|p2a: Iron Spike|spe|1\n|move|p1a: Drifblim-Hell|Shadow Ball|p2a: Iron Spike\n|-damage|p2a: Iron Spike|29/100\n|\n|-heal|p2a: Iron Spike|36/100|[from] item: Leftovers\n|upkeep\n|turn|25\n|c|☆The_Shawdoin|crit mattered\n|\n|t:|1763834672\n|move|p2a: Iron Spike|Protect|p2a: Iron Spike\n|-singleturn|p2a: Iron Spike|Protect\n|move|p1a: Drifblim-Hell|Calm Mind|p1a: Drifblim-Hell\n|-boost|p1a: Drifblim-Hell|spa|1\n|-boost|p1a: Drifblim-Hell|spd|1\n|\n|-heal|p2a: Iron Spike|42/100|[from] item: Leftovers\n|upkeep\n|turn|26\n|\n|t:|1763834683\n|move|p2a: Iron Spike|Rapid Spin|p1a: Drifblim-Hell\n|-damage|p1a: Drifblim-Hell|83/100\n|-boost|p2a: Iron Spike|spe|1\n|move|p1a: Drifblim-Hell|Shadow Ball|p2a: Iron Spike\n|-damage|p2a: Iron Spike|0 fnt\n|faint|p2a: Iron Spike\n|-end|p2a: Iron Spike|Quark Drive|[silent]\n|\n|upkeep\n|\n|t:|1763834697\n|switch|p2a: Miltank|Miltank-Mega, F|45/100\n|turn|27\n|\n|t:|1763834714\n|move|p2a: Miltank|Earthquake|p1a: Drifblim-Hell\n|-immune|p1a: Drifblim-Hell|[from] ability: Levitate\n|move|p1a: Drifblim-Hell|Scald|p2a: Miltank\n|-damage|p2a: Miltank|0 fnt\n|faint|p2a: Miltank\n|detailschange|p2: Miltank|Miltank, F|[silent]\n|\n|upkeep\n|\n|t:|1763834723\n|switch|p2a: Sneasler|Sneasler, F|100/100\n|-item|p2a: Sneasler|Air Balloon\n|turn|28\n|\n|t:|1763834730\n|move|p2a: Sneasler|Fake Out|p1a: Drifblim-Hell\n|-damage|p1a: Drifblim-Hell|72/100\n|cant|p1a: Drifblim-Hell|flinch\n|\n|upkeep\n|turn|29\n|\n|t:|1763834739\n|move|p2a: Sneasler|Close Combat|p1a: Drifblim-Hell\n|-resisted|p1a: Drifblim-Hell\n|-damage|p1a: Drifblim-Hell|49/100\n|-unboost|p2a: Sneasler|def|1\n|-unboost|p2a: Sneasler|spd|1\n|move|p1a: Drifblim-Hell|Strength Sap|p2a: Sneasler\n|-unboost|p2a: Sneasler|atk|1\n|-heal|p1a: Drifblim-Hell|100/100\n|\n|upkeep\n|turn|30\n|c|☆The_Shawdoin|gg\n|\n|t:|1763834751\n|move|p2a: Sneasler|Close Combat|p1a: Drifblim-Hell\n|-resisted|p1a: Drifblim-Hell\n|-damage|p1a: Drifblim-Hell|86/100\n|-unboost|p2a: Sneasler|def|1\n|-unboost|p2a: Sneasler|spd|1\n|move|p1a: Drifblim-Hell|Scald|p2a: Sneasler\n|-damage|p2a: Sneasler|0 fnt\n|-enditem|p2a: Sneasler|Air Balloon\n|faint|p2a: Sneasler\n|\n|win|The_Shawdoin\n","players":["The_Shawdoin","Artman_Shan"],"format":"[Gen 9] NatDex Draft","rating":null,"private":0,"password":null,"inputlog":">version fcbd19b897670a6ca2d6afcd55efaaf2b6c6cc9b\n>start {\"formatid\":\"gen9natdexdraft@@@Tera Type Preview\",\"seed\":\"sodium,57a98bb6cbcd0f6a1f0a161561dde8fb\"}\n>player p1 {\"name\":\"The_Shawdoin\",\"avatar\":\"caitlin\",\"team\":\"Drifblim-Hell||DrifblimiteHell|WaterAbsorb|StrengthSap,Scald,ShadowBall,CalmMind|Calm|,,252,4,252,|F|,0,,,,|||,,,,,Water]Wild Wind||RockyHelmet|Protosynthesis|Uturn,DireClaw,LeechSeed,Wish|Jolly|,,252,,12,244|M||||,,,,,Poison]Zapdos||HeavyDutyBoots|Static|HeatWave,Thunderbolt,HiddenPowerIce,Roost|Modest|252,,,252,4,|N|,0,,,,|||,Ice,,,,Fire]Gouging Fire||Leftovers|Protosynthesis|BurningBulwark,Earthquake,HeatCrash,MorningSun|Adamant|252,252,,,4,|N||||,Fighting,,,,Fire]Terapagos||Leftovers|TeraShift|EarthPower,TeraStarstorm,Flamethrower,CalmMind|Modest|252,,4,252,,|M|,15,,,,|||,Dark,,,,Stellar]Iron Saw||LightClay|QuarkDrive|Uturn,Reflect,LightScreen,ThunderWave|Jolly|248,,108,,,152|F||||,,,,,Electric\",\"rating\":0}\n>player p2 {\"name\":\"Artman_Shan\",\"avatar\":\"101\",\"team\":\"Miltank||Miltankite|SapSipper|IronHead,PlayRough,MilkDrink,Earthquake|Jolly|,252,,,4,252|F||||,,,,,Normal]Pincurchin||TerrainExtender|ElectricSurge|Scald,Protect,Recover,ToxicSpikes|Bold|252,,252,,4,|M|,0,,,,|||,,,,,Electric]Gliscor||ToxicOrb|PoisonHeal|Protect,Earthquake,FireFang,IceFang|Jolly|,252,,,4,252|F||||,,,,,Ground]Forretress||SalacBerry|Sturdy|RapidSpin,DrillRun,Protect,ToxicSpikes|Impish|252,4,252,,,|F||||,,,,,Water]Iron Spike||Leftovers|QuarkDrive|Protect,FlipTurn,Moonblast,RapidSpin|Calm|252,,,4,252,|M||||,,,,,Water]Sneasler||AirBalloon|Unburden|Acrobatics,CloseCombat,FakeOut,DireClaw|Adamant|,252,,,4,252|F||||,,,,,Fighting\",\"rating\":0}\n>chat ☆The_Shawdoin|gl hf\n>chat ☆Artman_Shan|GLHF \n>p1 team 4, 2, 3, 1, 5, 6\n>p2 team 4, 2, 3, 1, 5, 6\n>p1 move heatcrash\n>p2 move protect\n>p1 move heatcrash\n>p2 switch 3\n>p1 move heatcrash\n>p2 move protect\n>p1 move heatcrash\n>p2 move earthquake\n>p2 switch 5\n>p1 move burningbulwark\n>p2 move protect\n>p1 move morningsun\n>p2 move moonblast\n>p1 move earthquake\n>p2 move moonblast\n>p1 move earthquake\n>p2 switch 2\n>p1 move earthquake\n>p2 move scald\n>p2 switch 4\n>p1 move heatcrash\n>p2 move earthquake\n>p1 move burningbulwark\n>p2 move milkdrink mega\n>p1 switch 2\n>p2 move ironhead\n>p1 move leechseed\n>p2 move ironhead\n>p1 switch 3\n>p2 switch 3\n>p1 move heatwave\n>p2 move toxicspikes\n>p1 move thunderbolt\n>p2 move rapidspin\n>p2 switch 6\n>p1 switch 4\n>p2 move fakeout\n>p1 move strengthsap mega\n>p2 move acrobatics\n>p1 move calmmind\n>p2 move direclaw\n>p1 move calmmind\n>p2 switch 2\n>p1 move calmmind\n>p2 move rapidspin\n>p1 move strengthsap\n>p2 move rapidspin\n>p1 move calmmind\n>p2 move moonblast\n>p1 move shadowball\n>p2 move rapidspin\n>chat ☆The_Shawdoin|crit mattered\n>p1 move calmmind\n>p2 move protect\n>p1 move shadowball\n>p2 move rapidspin\n>p2 switch 3\n>p1 move scald\n>p2 move earthquake\n>p2 switch 2\n>p1 move strengthsap\n>p2 move fakeout\n>p1 move strengthsap\n>p2 move closecombat\n>chat ☆The_Shawdoin|gg\n>p1 move scald\n>p2 move closecombat","uploadtime":1763834757}