{"id":"gen9natdexdraft-226","log":"|j|☆MastersHideout\n|j|☆Artman_Shan\n|t:|1762476641\n|gametype|singles\n|player|p1|MastersHideout|169|\n|player|p2|Artman_Shan|1|\n|gen|9\n|tier|[Gen 9] NatDex Draft\n|rule|Tera Type Preview: Tera Types are shown at Team Preview\n|rule|Sleep Clause Mod: Limit one foe put to sleep\n|rule|OHKO Clause: OHKO moves are banned\n|rule|Evasion Clause: Evasion abilities, items, and moves are banned\n|rule|Evasion Abilities Clause: Evasion abilities are banned\n|rule|Evasion Items Clause: Evasion items are banned\n|rule|Evasion Moves Clause: Evasion moves are banned\n|rule|Endless Battle Clause: Forcing endless battles is banned\n|rule|HP Percentage Mod: HP is shown in percentages\n|raw|<div class=\"infobox\"><details class=\"readmore\" open><summary><strong>1 custom rule:</strong></summary> Tera Type Preview</details></div>\n|clearpoke\n|poke|p1|Zebstrika, F|\n|poke|p1|Excadrill, M|\n|poke|p1|Latios, M|\n|poke|p1|Zapdos-Galar|\n|poke|p1|Slowbro, M|\n|poke|p1|Darkrai|\n|poke|p2|Miltank, F|\n|poke|p2|Pincurchin, F|\n|poke|p2|Gliscor, M|\n|poke|p2|Forretress, F|\n|poke|p2|Iron Spike, F|\n|poke|p2|Sneasler, F|\n|raw|MastersHideout's Tera Types:<br /><psicon pokemon=\"zebstrika\" /><psicon type=\"Ice\" /> / <psicon pokemon=\"excadrill\" /><psicon type=\"Bug\" /> / <psicon pokemon=\"latios\" /><psicon type=\"Bug\" /> / <psicon pokemon=\"zapdosgalar\" /><psicon type=\"Stellar\" /> / <psicon pokemon=\"slowbro\" /><psicon type=\"Bug\" /> / <psicon pokemon=\"darkrai\" /><psicon type=\"Bug\" />\n|raw|Artman_Shan's Tera Types:<br /><psicon pokemon=\"miltank\" /><psicon type=\"Normal\" /> / <psicon pokemon=\"pincurchin\" /><psicon type=\"Electric\" /> / <psicon pokemon=\"gliscor\" /><psicon type=\"Ground\" /> / <psicon pokemon=\"forretress\" /><psicon type=\"Water\" /> / <psicon pokemon=\"ironspike\" /><psicon type=\"Water\" /> / <psicon pokemon=\"sneasler\" /><psicon type=\"Fighting\" />\n|teampreview\n|c|☆MastersHideout|gl hf\n|c|☆Artman_Shan|Glhf\n|j|~SparksTheNeo\n|l|☆Artman_Shan\n|player|p2|\n|\n|t:|1762476670\n|teamsize|p1|6\n|teamsize|p2|6\n|start\n|switch|p1a: Zapdos|Zapdos-Galar|100/100\n|switch|p2a: Forretress|Forretress, F|100/100\n|turn|1\n|j|☆Artman_Shan\n|player|p2|Artman_Shan|1|\n|\n|t:|1762476687\n|move|p2a: Forretress|Protect|p2a: Forretress\n|-singleturn|p2a: Forretress|Protect\n|move|p1a: Zapdos|U-turn|p2a: Forretress\n|-activate|p2a: Forretress|move: Protect\n|\n|upkeep\n|turn|2\n|c|☆MastersHideout|wait why does my excadrill look like an unown\n|\n|t:|1762476746\n|move|p1a: Zapdos|U-turn|p2a: Forretress\n|-resisted|p2a: Forretress\n|-damage|p2a: Forretress|94/100\n|c|☆MastersHideout|questions for later\n|\n|t:|1762476756\n|switch|p1a: Excadrill|Excadrill, M|100/100|[from] U-turn\n|-ability|p1a: Excadrill|Mold Breaker\n|move|p2a: Forretress|Drill Run|p1a: Excadrill\n|-supereffective|p1a: Excadrill\n|-damage|p1a: Excadrill|52/100\n|\n|upkeep\n|turn|3\n|\n|t:|1762476767\n|switch|p1a: Latios|Latios, M|100/100\n|move|p2a: Forretress|Toxic Spikes|p1a: Latios\n|-sidestart|p1: MastersHideout|move: Toxic Spikes\n|\n|upkeep\n|turn|4\n|\n|t:|1762476774\n|move|p2a: Forretress|Protect|p2a: Forretress\n|-singleturn|p2a: Forretress|Protect\n|move|p1a: Latios|Trick|p2a: Forretress\n|-activate|p2a: Forretress|move: Protect\n|\n|upkeep\n|turn|5\n|\n|t:|1762476793\n|switch|p2a: Sneasler|Sneasler, F|100/100\n|-item|p2a: Sneasler|Air Balloon\n|move|p1a: Latios|Trick|p2a: Sneasler\n|-activate|p1a: Latios|move: Trick|[of] p2a: Sneasler\n|-item|p2a: Sneasler|Choice Scarf|[from] move: Trick\n|-item|p1a: Latios|Air Balloon\n|-item|p1a: Latios|Air Balloon|[from] move: Trick\n|\n|upkeep\n|turn|6\n|\n|t:|1762476804\n|move|p2a: Sneasler|Fake Out|p1a: Latios\n|-damage|p1a: Latios|80/100\n|-enditem|p1a: Latios|Air Balloon\n|cant|p1a: Latios|flinch\n|\n|upkeep\n|turn|7\n|\n|t:|1762476816\n|switch|p2a: Miltank|Miltank, F|100/100\n|move|p1a: Latios|Flip Turn|p2a: Miltank\n|-damage|p2a: Miltank|88/100\n|\n|t:|1762476822\n|switch|p1a: Excadrill|Excadrill, M|52/100|[from] Flip Turn\n|-ability|p1a: Excadrill|Mold Breaker\n|\n|upkeep\n|turn|8\n|\n|t:|1762476833\n|detailschange|p2a: Miltank|Miltank-Mega, F\n|-mega|p2a: Miltank|Miltank|Miltankite\n|move|p2a: Miltank|Earthquake|p1a: Excadrill\n|-supereffective|p1a: Excadrill\n|-damage|p1a: Excadrill|0 fnt\n|faint|p1a: Excadrill\n|\n|upkeep\n|\n|t:|1762476840\n|switch|p1a: Darkrai|Darkrai|100/100\n|-status|p1a: Darkrai|psn\n|turn|9\n|\n|t:|1762476845\n|move|p2a: Miltank|Play Rough|p1a: Darkrai\n|-supereffective|p1a: Darkrai\n|-damage|p1a: Darkrai|53/100 psn\n|move|p1a: Darkrai|Will-O-Wisp|p2a: Miltank\n|-status|p2a: Miltank|brn\n|\n|-damage|p1a: Darkrai|41/100 psn|[from] psn\n|-damage|p2a: Miltank|82/100 brn|[from] brn\n|upkeep\n|turn|10\n|\n|t:|1762476861\n|move|p2a: Miltank|Play Rough|p1a: Darkrai\n|-ability|p2a: Miltank|Reptitive Force\n|-message|Miltank's consecutive hits boost its power (x1.2)\n|-supereffective|p1a: Darkrai\n|-damage|p1a: Darkrai|12/100 psn\n|move|p1a: Darkrai|Dark Pulse|p2a: Miltank\n|-supereffective|p2a: Miltank\n|-damage|p2a: Miltank|0 fnt\n|faint|p2a: Miltank\n|detailschange|p2: Miltank|Miltank, F|[silent]\n|\n|-damage|p1a: Darkrai|0 fnt|[from] psn\n|faint|p1a: Darkrai\n|upkeep\n|\n|t:|1762476890\n|switch|p2a: Forretress|Forretress, F|94/100\n|switch|p1a: Latios|Latios, M|80/100\n|turn|11\n|\n|t:|1762476899\n|move|p2a: Forretress|Protect|p2a: Forretress\n|-singleturn|p2a: Forretress|Protect\n|move|p1a: Latios|Trick|p2a: Forretress\n|-activate|p2a: Forretress|move: Protect\n|\n|upkeep\n|turn|12\n|\n|t:|1762476919\n|move|p1a: Latios|Luster Purge|p2a: Forretress\n|-resisted|p2a: Forretress\n|-damage|p2a: Forretress|61/100\n|-unboost|p2a: Forretress|spd|1\n|move|p2a: Forretress|Rapid Spin|p1a: Latios\n|-damage|p1a: Latios|65/100\n|-boost|p2a: Forretress|spe|1\n|\n|upkeep\n|turn|13\n|\n|t:|1762476934\n|move|p1a: Latios|Thunderbolt|p2a: Forretress\n|-damage|p2a: Forretress|0 fnt\n|faint|p2a: Forretress\n|\n|upkeep\n|\n|t:|1762476943\n|switch|p2a: Pincurchin|Pincurchin, F|100/100\n|-fieldstart|move: Electric Terrain|[from] ability: Electric Surge|[of] p2a: Pincurchin\n|turn|14\n|\n|t:|1762476950\n|move|p1a: Latios|Luster Purge|p2a: Pincurchin\n|-damage|p2a: Pincurchin|38/100\n|move|p2a: Pincurchin|Scald|p1a: Latios\n|-resisted|p1a: Latios\n|-damage|p1a: Latios|57/100\n|-status|p1a: Latios|brn\n|\n|-damage|p1a: Latios|51/100 brn|[from] brn\n|upkeep\n|turn|15\n|\n|t:|1762476962\n|move|p2a: Pincurchin|Protect|p2a: Pincurchin\n|-singleturn|p2a: Pincurchin|Protect\n|move|p1a: Latios|Luster Purge|p2a: Pincurchin\n|-activate|p2a: Pincurchin|move: Protect\n|\n|-damage|p1a: Latios|45/100 brn|[from] brn\n|upkeep\n|turn|16\n|\n|t:|1762476973\n|move|p1a: Latios|Trick|p2a: Pincurchin\n|-activate|p1a: Latios|move: Trick|[of] p2a: Pincurchin\n|-enditem|p2a: Pincurchin|Terrain Extender|[silent]|[from] move: Trick\n|-item|p1a: Latios|Terrain Extender|[from] move: Trick\n|move|p2a: Pincurchin|Recover|p2a: Pincurchin\n|-heal|p2a: Pincurchin|88/100\n|\n|-damage|p1a: Latios|39/100 brn|[from] brn\n|upkeep\n|turn|17\n|\n|t:|1762476993\n|move|p1a: Latios|Luster Purge|p2a: Pincurchin\n|-damage|p2a: Pincurchin|26/100\n|-unboost|p2a: Pincurchin|spd|1\n|move|p2a: Pincurchin|Toxic Spikes|p1a: Latios\n|-sidestart|p1: MastersHideout|move: Toxic Spikes\n|\n|-damage|p1a: Latios|33/100 brn|[from] brn\n|upkeep\n|turn|18\n|\n|t:|1762477006\n|move|p1a: Latios|Luster Purge|p2a: Pincurchin\n|-damage|p2a: Pincurchin|0 fnt\n|faint|p2a: Pincurchin\n|\n|-damage|p1a: Latios|27/100 brn|[from] brn\n|upkeep\n|\n|t:|1762477017\n|switch|p2a: Iron Spike|Iron Spike, F|100/100\n|-activate|p2a: Iron Spike|ability: Quark Drive\n|-start|p2a: Iron Spike|quarkdrivespd\n|turn|19\n|\n|t:|1762477032\n|move|p1a: Latios|Luster Purge|p2a: Iron Spike\n|-resisted|p2a: Iron Spike\n|-damage|p2a: Iron Spike|90/100\n|-unboost|p2a: Iron Spike|spd|1\n|move|p2a: Iron Spike|Moonblast|p1a: Latios\n|-supereffective|p1a: Latios\n|-damage|p1a: Latios|0 fnt\n|faint|p1a: Latios\n|\n|-heal|p2a: Iron Spike|96/100|[from] item: Leftovers\n|upkeep\n|\n|t:|1762477038\n|switch|p1a: Zebstrika|Zebstrika, F|100/100\n|turn|20\n|\n|t:|1762477052\n|move|p2a: Iron Spike|Protect|p2a: Iron Spike\n|-singleturn|p2a: Iron Spike|Protect\n|move|p1a: Zebstrika|Supercell Slam|p2a: Iron Spike\n|-activate|p2a: Iron Spike|move: Protect\n|-damage|p1a: Zebstrika|51/100|[from] supercellslam\n|\n|-heal|p2a: Iron Spike|100/100|[from] item: Leftovers\n|upkeep\n|turn|21\n|\n|t:|1762477065\n|-end|p2a: Iron Spike|Quark Drive|[silent]\n|switch|p2a: Gliscor|Gliscor, M|100/100\n|move|p1a: Zebstrika|Volt Switch|p2a: Gliscor\n|-immune|p2a: Gliscor\n|\n|-fieldend|move: Electric Terrain\n|-status|p2a: Gliscor|tox|[from] item: Toxic Orb\n|upkeep\n|turn|22\n|\n|t:|1762477077\n|-terastallize|p1a: Zebstrika|Ice\n|move|p1a: Zebstrika|Tera Blast|p2a: Gliscor|[anim] Tera Blast Ice\n|-supereffective|p2a: Gliscor\n|-damage|p2a: Gliscor|0 fnt\n|faint|p2a: Gliscor\n|\n|upkeep\n|\n|t:|1762477090\n|switch|p2a: Sneasler|Sneasler, F|100/100\n|turn|23\n|\n|t:|1762477104\n|switch|p1a: Slowbro|Slowbro, M|100/100\n|-status|p1a: Slowbro|tox\n|-enditem|p1a: Slowbro|Lum Berry|[eat]\n|-curestatus|p1a: Slowbro|tox|[msg]\n|move|p2a: Sneasler|Close Combat|p1a: Slowbro\n|-resisted|p1a: Slowbro\n|-damage|p1a: Slowbro|71/100\n|-unboost|p2a: Sneasler|def|1\n|-unboost|p2a: Sneasler|spd|1\n|\n|upkeep\n|turn|24\n|\n|t:|1762477117\n|switch|p2a: Iron Spike|Iron Spike, F|100/100\n|move|p1a: Slowbro|Iron Defense|p1a: Slowbro\n|-boost|p1a: Slowbro|def|2\n|\n|upkeep\n|turn|25\n|\n|t:|1762477140\n|move|p2a: Iron Spike|Rapid Spin|p1a: Slowbro\n|-damage|p1a: Slowbro|67/100\n|-boost|p2a: Iron Spike|spe|1\n|move|p1a: Slowbro|Body Press|p2a: Iron Spike\n|-supereffective|p2a: Iron Spike\n|-damage|p2a: Iron Spike|38/100\n|\n|-heal|p2a: Iron Spike|44/100|[from] item: Leftovers\n|upkeep\n|turn|26\n|\n|t:|1762477156\n|move|p2a: Iron Spike|Moonblast|p1a: Slowbro\n|-damage|p1a: Slowbro|50/100\n|move|p1a: Slowbro|Slack Off|p1a: Slowbro\n|-heal|p1a: Slowbro|100/100\n|\n|-heal|p2a: Iron Spike|50/100|[from] item: Leftovers\n|upkeep\n|turn|27\n|\n|t:|1762477165\n|move|p2a: Iron Spike|Protect|p2a: Iron Spike\n|-singleturn|p2a: Iron Spike|Protect\n|move|p1a: Slowbro|Iron Defense|p1a: Slowbro\n|-boost|p1a: Slowbro|def|2\n|\n|-heal|p2a: Iron Spike|56/100|[from] item: Leftovers\n|upkeep\n|turn|28\n|\n|t:|1762477175\n|move|p2a: Iron Spike|Flip Turn|p1a: Slowbro\n|-resisted|p1a: Slowbro\n|-damage|p1a: Slowbro|98/100\n|\n|t:|1762477178\n|-end|p2a: Iron Spike|Quark Drive|[silent]\n|switch|p2a: Sneasler|Sneasler, F|100/100|[from] Flip Turn\n|move|p1a: Slowbro|Body Press|p2a: Sneasler\n|-resisted|p2a: Sneasler\n|-damage|p2a: Sneasler|45/100\n|\n|upkeep\n|turn|29\n|\n|t:|1762477195\n|move|p2a: Sneasler|Fake Out|p1a: Slowbro\n|-damage|p1a: Slowbro|94/100\n|cant|p1a: Slowbro|flinch\n|\n|upkeep\n|turn|30\n|\n|t:|1762477204\n|switch|p2a: Iron Spike|Iron Spike, F|56/100\n|move|p1a: Slowbro|Iron Defense|p1a: Slowbro\n|-boost|p1a: Slowbro|def|2\n|\n|-heal|p2a: Iron Spike|62/100|[from] item: Leftovers\n|upkeep\n|turn|31\n|\n|t:|1762477214\n|move|p2a: Iron Spike|Protect|p2a: Iron Spike\n|-singleturn|p2a: Iron Spike|Protect\n|move|p1a: Slowbro|Body Press|p2a: Iron Spike\n|-activate|p2a: Iron Spike|move: Protect\n|\n|-heal|p2a: Iron Spike|69/100|[from] item: Leftovers\n|upkeep\n|turn|32\n|\n|t:|1762477224\n|move|p2a: Iron Spike|Moonblast|p1a: Slowbro\n|-damage|p1a: Slowbro|78/100\n|-unboost|p1a: Slowbro|spa|1\n|move|p1a: Slowbro|Body Press|p2a: Iron Spike\n|-supereffective|p2a: Iron Spike\n|-damage|p2a: Iron Spike|0 fnt\n|faint|p2a: Iron Spike\n|-end|p2a: Iron Spike|Quark Drive|[silent]\n|\n|upkeep\n|\n|t:|1762477233\n|switch|p2a: Sneasler|Sneasler, F|45/100\n|turn|33\n|\n|t:|1762477239\n|move|p2a: Sneasler|Dire Claw|p1a: Slowbro\n|-damage|p1a: Slowbro|69/100\n|-status|p1a: Slowbro|par\n|move|p1a: Slowbro|Body Press|p2a: Sneasler\n|-resisted|p2a: Sneasler\n|-damage|p2a: Sneasler|0 fnt\n|faint|p2a: Sneasler\n|\n|win|MastersHideout\n|c|☆Artman_Shan|Gg\n|c|☆MastersHideout|gg\n","players":["MastersHideout","Artman_Shan"],"format":"[Gen 9] NatDex Draft","rating":null,"private":0,"password":null,"inputlog":">version 1f1988460a13998c27789cfd1e133c4b947b2f4e\n>start {\"formatid\":\"gen9natdexdraft@@@Tera Type Preview\",\"seed\":\"sodium,63f04fbbd16e0fc4b275ef2b20b210df\"}\n>player p1 {\"name\":\"MastersHideout\",\"avatar\":\"169\",\"team\":\"Zebstrika||HeavyDutyBoots|SapSipper|VoltSwitch,SupercellSlam,HighHorsepower,TeraBlast|Hasty|,252,,4,,252|F||||,,,,,Ice]Excadrill||AssaultVest|MoldBreaker|RapidSpin,Earthquake,IronHead,RockSlide|Jolly|,252,,,4,252|M||||,,,,,Bug]Latios||ChoiceScarf|Levitate|FlipTurn,Trick,LusterPurge,Thunderbolt|Timid|,,,252,4,252|M||||,,,,,Bug]Zapdos|ZapdosGalar|ChoiceScarf|Defiant|Uturn,CloseCombat,DrillPeck,KnockOff|Jolly|,252,,,4,252|N||||,,,,,Stellar]Slowbro||LumBerry|Regenerator|Teleport,BodyPress,IronDefense,SlackOff|Calm|252,,4,,252,|M|,0,,,,|||,,,,,Bug]Darkrai||ChopleBerry|BadDreams|WillOWisp,Psyshock,Thunderbolt,DarkPulse|Bold|252,,252,,,4|N|,0,,,,|||,,,,,Bug\",\"rating\":0}\n>player p2 {\"name\":\"Artman_Shan\",\"avatar\":\"1\",\"team\":\"Miltank||Miltankite|SapSipper|SecretPower,PlayRough,MilkDrink,Earthquake|Jolly|,252,,,4,252|F||||,,,,,Normal]Pincurchin||TerrainExtender|ElectricSurge|Scald,Protect,Recover,ToxicSpikes|Bold|252,,252,,4,|F|,0,,,,|||,,,,,Electric]Gliscor||ToxicOrb|PoisonHeal|Protect,Earthquake,FireFang,IceFang|Jolly|,252,,,4,252|M||||,,,,,Ground]Forretress||SalacBerry|Sturdy|RapidSpin,DrillRun,Protect,ToxicSpikes|Impish|252,4,252,,,|F||||,,,,,Water]Iron Spike||Leftovers|QuarkDrive|Protect,FlipTurn,Moonblast,RapidSpin|Calm|252,,,4,252,|F||||,,,,,Water]Sneasler||AirBalloon|Unburden|Acrobatics,CloseCombat,FakeOut,DireClaw|Adamant|,252,,,4,252|F||||,,,,,Fighting\",\"rating\":0}\n>chat ☆MastersHideout|gl hf\n>chat ☆Artman_Shan|Glhf\n>p1 team 4, 2, 3, 1, 5, 6\n>p2 team 4, 2, 3, 1, 5, 6\n>p1 move uturn\n>p2 move protect\n>chat ☆MastersHideout|wait why does my excadrill look like an unown\n>p1 move uturn\n>p2 move drillrun\n>chat ☆MastersHideout|questions for later\n>p1 switch 2\n>p1 switch 3\n>p2 move toxicspikes\n>p1 move trick\n>p2 move protect\n>p1 move trick\n>p2 switch 6\n>p1 move lusterpurge\n>p2 move fakeout\n>p1 move flipturn\n>p2 switch 4\n>p1 switch 3\n>p1 move rapidspin\n>p2 move earthquake mega\n>p1 switch 6\n>p1 move willowisp\n>p2 move playrough\n>p1 move darkpulse\n>p2 move playrough\n>p1 switch 3\n>p2 switch 6\n>p1 move trick\n>p2 move protect\n>p1 move lusterpurge\n>p2 move rapidspin\n>p1 move thunderbolt\n>p2 move toxicspikes\n>p2 switch 2\n>p1 move lusterpurge\n>p2 move scald\n>p1 move lusterpurge\n>p2 move protect\n>p1 move trick\n>p2 move recover\n>p1 move lusterpurge\n>p2 move toxicspikes\n>p1 move lusterpurge\n>p2 move recover\n>p2 switch 5\n>p1 move lusterpurge\n>p2 move moonblast\n>p1 switch 4\n>p1 move supercellslam\n>p2 move protect\n>p1 move voltswitch\n>p2 switch 3\n>p1 move terablast terastallize\n>p2 move earthquake\n>p2 switch 4\n>p1 switch 5\n>p2 move closecombat\n>p1 move irondefense\n>p2 switch 3\n>p1 move bodypress\n>p2 move rapidspin\n>p1 move slackoff\n>p2 move moonblast\n>p1 move irondefense\n>p2 move protect\n>p1 move bodypress\n>p2 move flipturn\n>p2 switch 3\n>p1 move bodypress\n>p2 move fakeout\n>p1 move irondefense\n>p2 switch 3\n>p1 move bodypress\n>p2 move protect\n>p1 move bodypress\n>p2 move moonblast\n>p2 switch 3\n>p1 move bodypress\n>p2 move direclaw","uploadtime":1762477249}