{"id":"gen9natdexdraft-395","log":"|j|☆ElysianSoul222\n|j|☆FrogadierDucklett\n|t:|1763161433\n|gametype|singles\n|player|p1|ElysianSoul222|skierf|\n|player|p2|FrogadierDucklett|170|\n|gen|9\n|tier|[Gen 9] NatDex Draft\n|rule|Tera Type Preview: Tera Types are shown at Team Preview\n|rule|Sleep Clause Mod: Limit one foe put to sleep\n|rule|OHKO Clause: OHKO moves are banned\n|rule|Evasion Clause: Evasion abilities, items, and moves are banned\n|rule|Evasion Abilities Clause: Evasion abilities are banned\n|rule|Evasion Items Clause: Evasion items are banned\n|rule|Evasion Moves Clause: Evasion moves are banned\n|rule|Endless Battle Clause: Forcing endless battles is banned\n|rule|HP Percentage Mod: HP is shown in percentages\n|raw|<div class=\"infobox\"><details class=\"readmore\" open><summary><strong>1 custom rule:</strong></summary> Tera Type Preview</details></div>\n|clearpoke\n|poke|p1|Mandibuzz-Prime, F|\n|poke|p1|Blastoise, F|\n|poke|p1|Melmetal|\n|poke|p1|Dragapult, M|\n|poke|p1|Iron Valiant|\n|poke|p1|Rotom-Fan|\n|poke|p2|Swampert-Prime, F|\n|poke|p2|Charizard-Prime, M|\n|poke|p2|Iron Treads|\n|poke|p2|Deoxys-Speed|\n|poke|p2|Hydrapple, F|\n|poke|p2|Kommo-o, F|\n|raw|ElysianSoul222's Tera Types:<br /><psicon pokemon=\"mandibuzzprime\" /><psicon type=\"Dark\" /> / <psicon pokemon=\"blastoise\" /><psicon type=\"Water\" /> / <psicon pokemon=\"melmetal\" /><psicon type=\"Grass\" /> / <psicon pokemon=\"dragapult\" /><psicon type=\"Dragon\" /> / <psicon pokemon=\"ironvaliant\" /><psicon type=\"Fairy\" /> / <psicon pokemon=\"rotomfan\" /><psicon type=\"Flying\" />\n|raw|FrogadierDucklett's Tera Types:<br /><psicon pokemon=\"swampertprime\" /><psicon type=\"Water\" /> / <psicon pokemon=\"charizardprime\" /><psicon type=\"Fire\" /> / <psicon pokemon=\"irontreads\" /><psicon type=\"Ground\" /> / <psicon pokemon=\"deoxysspeed\" /><psicon type=\"Psychic\" /> / <psicon pokemon=\"hydrapple\" /><psicon type=\"Fairy\" /> / <psicon pokemon=\"kommoo\" /><psicon type=\"Fairy\" />\n|teampreview\n|c|☆FrogadierDucklett|glhf!\n|c|☆ElysianSoul222|u2\n|\n|t:|1763161463\n|teamsize|p1|6\n|teamsize|p2|6\n|start\n|switch|p1a: Blastoise|Blastoise, F, shiny|100/100\n|switch|p2a: Swampert-Prime|Swampert-Prime, F|100/100\n|turn|1\n|\n|t:|1763161476\n|detailschange|p1a: Blastoise|Blastoise-Mega, F, shiny\n|-mega|p1a: Blastoise|Blastoise|Blastoisinite\n|move|p2a: Swampert-Prime|Earth Power|p1a: Blastoise\n|-damage|p1a: Blastoise|75/100\n|move|p1a: Blastoise|Scald|p2a: Swampert-Prime\n|-damage|p2a: Swampert-Prime|84/100\n|\n|upkeep\n|turn|2\n|\n|t:|1763161483\n|move|p2a: Swampert-Prime|Scald|p1a: Blastoise\n|-resisted|p1a: Blastoise\n|-damage|p1a: Blastoise|64/100\n|move|p1a: Blastoise|Flip Turn|p2a: Swampert-Prime\n|-damage|p2a: Swampert-Prime|72/100\n|\n|t:|1763161511\n|switch|p1a: Dragapult|Dragapult, M, shiny|100/100|[from] Flip Turn\n|\n|upkeep\n|turn|3\n|j|~SparksTheNeo\n|\n|t:|1763161518\n|move|p1a: Dragapult|Draco Meteor|p2a: Swampert-Prime\n|-crit|p2a: Swampert-Prime\n|-damage|p2a: Swampert-Prime|35/100\n|-unboost|p1a: Dragapult|spa|2\n|move|p2a: Swampert-Prime|Knock Off|p1a: Dragapult\n|-supereffective|p1a: Dragapult\n|-damage|p1a: Dragapult|24/100\n|-enditem|p1a: Dragapult|Heavy-Duty Boots|[from] move: Knock Off|[of] p2a: Swampert-Prime\n|\n|upkeep\n|turn|4\n|\n|t:|1763161528\n|move|p1a: Dragapult|U-turn|p2a: Swampert-Prime\n|-damage|p2a: Swampert-Prime|24/100\n|\n|t:|1763161532\n|switch|p1a: Blastoise|Blastoise-Mega, F, shiny|64/100|[from] U-turn\n|move|p2a: Swampert-Prime|Flip Turn|p1a: Blastoise\n|-resisted|p1a: Blastoise\n|-damage|p1a: Blastoise|56/100\n|\n|t:|1763161542\n|switch|p2a: Iron Treads|Iron Treads|100/100|[from] Flip Turn\n|\n|upkeep\n|turn|5\n|\n|t:|1763161550\n|move|p2a: Iron Treads|Volt Switch|p1a: Blastoise\n|-supereffective|p1a: Blastoise\n|-damage|p1a: Blastoise|38/100\n|\n|t:|1763161553\n|-end|p2a: Iron Treads|Quark Drive|[silent]\n|switch|p2a: Swampert-Prime|Swampert-Prime, F|58/100|[from] Volt Switch\n|move|p1a: Blastoise|Scald|p2a: Swampert-Prime\n|-damage|p2a: Swampert-Prime|41/100\n|\n|upkeep\n|turn|6\n|\n|t:|1763161571\n|move|p2a: Swampert-Prime|Flip Turn|p1a: Blastoise\n|-resisted|p1a: Blastoise\n|-damage|p1a: Blastoise|30/100\n|\n|t:|1763161573\n|switch|p2a: Hydrapple|Hydrapple, F|100/100|[from] Flip Turn\n|-ability|p2a: Hydrapple|Supersweet Syrup\n|-unboost|p1a: Blastoise|evasion|1\n|move|p1a: Blastoise|Flip Turn|p2a: Hydrapple\n|-resisted|p2a: Hydrapple\n|-damage|p2a: Hydrapple|97/100\n|\n|t:|1763161583\n|switch|p1a: Rotom|Rotom-Fan, shiny|100/100|[from] Flip Turn\n|\n|upkeep\n|turn|7\n|\n|t:|1763161589\n|switch|p2a: Swampert-Prime|Swampert-Prime, F|75/100\n|move|p1a: Rotom|Air Slash|p2a: Swampert-Prime\n|-damage|p2a: Swampert-Prime|51/100\n|\n|upkeep\n|turn|8\n|\n|t:|1763161611\n|switch|p1a: Blastoise|Blastoise-Mega, F, shiny|30/100\n|move|p2a: Swampert-Prime|Flip Turn|p1a: Blastoise\n|-resisted|p1a: Blastoise\n|-damage|p1a: Blastoise|21/100\n|\n|t:|1763161623\n|switch|p2a: Charizard-Prime|Charizard-Prime, M|100/100|[from] Flip Turn\n|\n|upkeep\n|turn|9\n|\n|t:|1763161627\n|switch|p1a: Mandibuzz-Prime|Mandibuzz-Prime, F, shiny|100/100\n|move|p2a: Charizard-Prime|Aeroblast|p1a: Mandibuzz-Prime\n|-damage|p1a: Mandibuzz-Prime|77/100\n|\n|upkeep\n|turn|10\n|\n|t:|1763161632\n|move|p2a: Charizard-Prime|Will-O-Wisp|p1a: Mandibuzz-Prime\n|-status|p1a: Mandibuzz-Prime|brn\n|move|p1a: Mandibuzz-Prime|Knock Off|p2a: Charizard-Prime\n|-damage|p2a: Charizard-Prime|88/100\n|-enditem|p2a: Charizard-Prime|Heavy-Duty Boots|[from] move: Knock Off|[of] p1a: Mandibuzz-Prime\n|\n|-damage|p1a: Mandibuzz-Prime|70/100 brn|[from] brn\n|upkeep\n|turn|11\n|\n|t:|1763161641\n|move|p2a: Charizard-Prime|Flamethrower|p1a: Mandibuzz-Prime\n|-damage|p1a: Mandibuzz-Prime|58/100 brn\n|move|p1a: Mandibuzz-Prime|Ruination|p2a: Charizard-Prime\n|-damage|p2a: Charizard-Prime|44/100\n|\n|-damage|p1a: Mandibuzz-Prime|51/100 brn|[from] brn\n|upkeep\n|turn|12\n|\n|t:|1763161646\n|move|p2a: Charizard-Prime|Aeroblast|p1a: Mandibuzz-Prime\n|-damage|p1a: Mandibuzz-Prime|27/100 brn\n|move|p1a: Mandibuzz-Prime|Roost|p1a: Mandibuzz-Prime\n|-heal|p1a: Mandibuzz-Prime|77/100 brn\n|-singleturn|p1a: Mandibuzz-Prime|move: Roost\n|\n|-damage|p1a: Mandibuzz-Prime|71/100 brn|[from] brn\n|upkeep\n|turn|13\n|\n|t:|1763161652\n|move|p2a: Charizard-Prime|Roost|p2a: Charizard-Prime\n|-heal|p2a: Charizard-Prime|94/100\n|-singleturn|p2a: Charizard-Prime|move: Roost\n|move|p1a: Mandibuzz-Prime|Ruination|p2a: Charizard-Prime\n|-damage|p2a: Charizard-Prime|47/100\n|\n|-damage|p1a: Mandibuzz-Prime|65/100 brn|[from] brn\n|upkeep\n|turn|14\n|\n|t:|1763161655\n|move|p2a: Charizard-Prime|Roost|p2a: Charizard-Prime\n|-heal|p2a: Charizard-Prime|98/100\n|-singleturn|p2a: Charizard-Prime|move: Roost\n|move|p1a: Mandibuzz-Prime|Roost|p1a: Mandibuzz-Prime\n|-heal|p1a: Mandibuzz-Prime|100/100 brn\n|-singleturn|p1a: Mandibuzz-Prime|move: Roost\n|\n|-damage|p1a: Mandibuzz-Prime|94/100 brn|[from] brn\n|upkeep\n|turn|15\n|\n|t:|1763161674\n|switch|p2a: Swampert-Prime|Swampert-Prime, F|84/100\n|move|p1a: Mandibuzz-Prime|Whirlwind|p2a: Swampert-Prime\n|drag|p2a: Deoxys|Deoxys-Speed|100/100\n|-ability|p2a: Deoxys|Pressure\n|\n|-damage|p1a: Mandibuzz-Prime|88/100 brn|[from] brn\n|upkeep\n|turn|16\n|\n|t:|1763161685\n|switch|p2a: Charizard-Prime|Charizard-Prime, M|98/100\n|move|p1a: Mandibuzz-Prime|Knock Off|p2a: Charizard-Prime\n|-damage|p2a: Charizard-Prime|89/100\n|\n|-damage|p1a: Mandibuzz-Prime|82/100 brn|[from] brn\n|upkeep\n|turn|17\n|\n|t:|1763161691\n|move|p2a: Charizard-Prime|Flamethrower|p1a: Mandibuzz-Prime\n|-damage|p1a: Mandibuzz-Prime|70/100 brn\n|move|p1a: Mandibuzz-Prime|Whirlwind|p2a: Charizard-Prime\n|drag|p2a: Swampert-Prime|Swampert-Prime, F|100/100\n|\n|-damage|p1a: Mandibuzz-Prime|64/100 brn|[from] brn\n|upkeep\n|turn|18\n|\n|t:|1763161698\n|switch|p1a: Blastoise|Blastoise-Mega, F, shiny|21/100\n|switch|p2a: Charizard-Prime|Charizard-Prime, M|89/100\n|\n|upkeep\n|turn|19\n|\n|t:|1763161725\n|switch|p1a: Mandibuzz-Prime|Mandibuzz-Prime, F, shiny|64/100 brn\n|move|p2a: Charizard-Prime|Aeroblast|p1a: Mandibuzz-Prime\n|-damage|p1a: Mandibuzz-Prime|39/100 brn\n|\n|-damage|p1a: Mandibuzz-Prime|33/100 brn|[from] brn\n|upkeep\n|turn|20\n|\n|t:|1763161731\n|move|p2a: Charizard-Prime|Aeroblast|p1a: Mandibuzz-Prime\n|-damage|p1a: Mandibuzz-Prime|5/100 brn\n|move|p1a: Mandibuzz-Prime|Roost|p1a: Mandibuzz-Prime\n|-heal|p1a: Mandibuzz-Prime|55/100 brn\n|-singleturn|p1a: Mandibuzz-Prime|move: Roost\n|\n|-damage|p1a: Mandibuzz-Prime|49/100 brn|[from] brn\n|upkeep\n|turn|21\n|\n|t:|1763161737\n|move|p2a: Charizard-Prime|Flamethrower|p1a: Mandibuzz-Prime\n|-damage|p1a: Mandibuzz-Prime|37/100 brn\n|move|p1a: Mandibuzz-Prime|Roost|p1a: Mandibuzz-Prime\n|-heal|p1a: Mandibuzz-Prime|87/100 brn\n|-singleturn|p1a: Mandibuzz-Prime|move: Roost\n|\n|-damage|p1a: Mandibuzz-Prime|81/100 brn|[from] brn\n|upkeep\n|turn|22\n|\n|t:|1763161742\n|move|p2a: Charizard-Prime|Flamethrower|p1a: Mandibuzz-Prime\n|-damage|p1a: Mandibuzz-Prime|69/100 brn\n|move|p1a: Mandibuzz-Prime|Ruination|p2a: Charizard-Prime\n|-damage|p2a: Charizard-Prime|45/100\n|\n|-damage|p1a: Mandibuzz-Prime|63/100 brn|[from] brn\n|upkeep\n|turn|23\n|\n|t:|1763161751\n|switch|p1a: Rotom|Rotom-Fan, shiny|100/100\n|move|p2a: Charizard-Prime|Flamethrower|p1a: Rotom\n|-damage|p1a: Rotom|36/100\n|\n|upkeep\n|turn|24\n|\n|t:|1763161766\n|move|p2a: Charizard-Prime|Flamethrower|p1a: Rotom\n|-damage|p1a: Rotom|0 fnt\n|faint|p1a: Rotom\n|-ability|p2a: Charizard-Prime|Beast Boost|boost\n|-boost|p2a: Charizard-Prime|spe|1\n|\n|upkeep\n|\n|t:|1763161774\n|switch|p1a: Mandibuzz-Prime|Mandibuzz-Prime, F, shiny|63/100 brn\n|turn|25\n|\n|t:|1763161777\n|move|p2a: Charizard-Prime|Flamethrower|p1a: Mandibuzz-Prime\n|-crit|p1a: Mandibuzz-Prime\n|-damage|p1a: Mandibuzz-Prime|44/100 brn\n|move|p1a: Mandibuzz-Prime|Whirlwind|p2a: Charizard-Prime\n|drag|p2a: Iron Treads|Iron Treads|100/100\n|\n|-damage|p1a: Mandibuzz-Prime|38/100 brn|[from] brn\n|upkeep\n|turn|26\n|\n|t:|1763161789\n|move|p2a: Iron Treads|Volt Switch|p1a: Mandibuzz-Prime\n|-supereffective|p1a: Mandibuzz-Prime\n|-damage|p1a: Mandibuzz-Prime|26/100 brn\n|\n|t:|1763161791\n|-end|p2a: Iron Treads|Quark Drive|[silent]\n|switch|p2a: Charizard-Prime|Charizard-Prime, M|45/100|[from] Volt Switch\n|move|p1a: Mandibuzz-Prime|Roost|p1a: Mandibuzz-Prime\n|-heal|p1a: Mandibuzz-Prime|76/100 brn\n|-singleturn|p1a: Mandibuzz-Prime|move: Roost\n|\n|-damage|p1a: Mandibuzz-Prime|70/100 brn|[from] brn\n|upkeep\n|turn|27\n|\n|t:|1763161801\n|move|p2a: Charizard-Prime|Roost|p2a: Charizard-Prime\n|-heal|p2a: Charizard-Prime|95/100\n|-singleturn|p2a: Charizard-Prime|move: Roost\n|move|p1a: Mandibuzz-Prime|Whirlwind|p2a: Charizard-Prime\n|drag|p2a: Iron Treads|Iron Treads|100/100\n|\n|-damage|p1a: Mandibuzz-Prime|64/100 brn|[from] brn\n|upkeep\n|turn|28\n|\n|t:|1763161810\n|move|p2a: Iron Treads|Volt Switch|p1a: Mandibuzz-Prime\n|-supereffective|p1a: Mandibuzz-Prime\n|-damage|p1a: Mandibuzz-Prime|51/100 brn\n|\n|t:|1763161816\n|-end|p2a: Iron Treads|Quark Drive|[silent]\n|switch|p2a: Charizard-Prime|Charizard-Prime, M|95/100|[from] Volt Switch\n|move|p1a: Mandibuzz-Prime|Ruination|p2a: Charizard-Prime\n|-damage|p2a: Charizard-Prime|48/100\n|\n|-damage|p1a: Mandibuzz-Prime|45/100 brn|[from] brn\n|upkeep\n|turn|29\n|\n|t:|1763161821\n|move|p2a: Charizard-Prime|Flamethrower|p1a: Mandibuzz-Prime\n|-damage|p1a: Mandibuzz-Prime|33/100 brn\n|move|p1a: Mandibuzz-Prime|Roost|p1a: Mandibuzz-Prime\n|-heal|p1a: Mandibuzz-Prime|83/100 brn\n|-singleturn|p1a: Mandibuzz-Prime|move: Roost\n|\n|-damage|p1a: Mandibuzz-Prime|77/100 brn|[from] brn\n|upkeep\n|turn|30\n|\n|t:|1763161831\n|move|p2a: Charizard-Prime|Aeroblast|p1a: Mandibuzz-Prime\n|-damage|p1a: Mandibuzz-Prime|52/100 brn\n|move|p1a: Mandibuzz-Prime|Whirlwind|p2a: Charizard-Prime\n|drag|p2a: Deoxys|Deoxys-Speed|100/100\n|-ability|p2a: Deoxys|Pressure\n|\n|-damage|p1a: Mandibuzz-Prime|46/100 brn|[from] brn\n|upkeep\n|turn|31\n|\n|t:|1763161835\n|switch|p2a: Charizard-Prime|Charizard-Prime, M|48/100\n|switch|p1a: Blastoise|Blastoise-Mega, F, shiny|21/100\n|\n|upkeep\n|turn|32\n|\n|t:|1763161848\n|switch|p1a: Melmetal|Melmetal, shiny|100/100\n|move|p2a: Charizard-Prime|Aeroblast|p1a: Melmetal\n|-resisted|p1a: Melmetal\n|-damage|p1a: Melmetal|76/100\n|\n|-heal|p1a: Melmetal|82/100|[from] item: Leftovers\n|upkeep\n|turn|33\n|\n|t:|1763161859\n|move|p1a: Melmetal|Protect|p1a: Melmetal\n|-singleturn|p1a: Melmetal|Protect\n|move|p2a: Charizard-Prime|Flamethrower|p1a: Melmetal\n|-activate|p1a: Melmetal|move: Protect\n|\n|-heal|p1a: Melmetal|88/100|[from] item: Leftovers\n|upkeep\n|turn|34\n|\n|t:|1763161873\n|move|p2a: Charizard-Prime|Roost|p2a: Charizard-Prime\n|-heal|p2a: Charizard-Prime|98/100\n|-singleturn|p2a: Charizard-Prime|move: Roost\n|move|p1a: Melmetal|Toxic|p2a: Charizard-Prime\n|-status|p2a: Charizard-Prime|tox\n|\n|-heal|p1a: Melmetal|94/100|[from] item: Leftovers\n|-damage|p2a: Charizard-Prime|92/100 tox|[from] psn\n|upkeep\n|turn|35\n|\n|t:|1763161892\n|switch|p2a: Swampert-Prime|Swampert-Prime, F|100/100\n|move|p1a: Melmetal|Protect||[still]\n|-fail|p1a: Melmetal\n|\n|-heal|p1a: Melmetal|100/100|[from] item: Leftovers\n|upkeep\n|turn|36\n|\n|t:|1763161903\n|-terastallize|p1a: Melmetal|Grass\n|move|p2a: Swampert-Prime|Flip Turn|p1a: Melmetal\n|-resisted|p1a: Melmetal\n|-damage|p1a: Melmetal|93/100\n|\n|t:|1763161907\n|switch|p2a: Charizard-Prime|Charizard-Prime, M|92/100 tox|[from] Flip Turn\n|move|p1a: Melmetal|Toxic|p2a: Charizard-Prime\n|-fail|p2a: Charizard-Prime|tox\n|\n|-heal|p1a: Melmetal|99/100|[from] item: Leftovers\n|-damage|p2a: Charizard-Prime|86/100 tox|[from] psn\n|upkeep\n|turn|37\n|\n|t:|1763161912\n|move|p1a: Melmetal|Protect|p1a: Melmetal\n|-singleturn|p1a: Melmetal|Protect\n|move|p2a: Charizard-Prime|Flamethrower|p1a: Melmetal\n|-activate|p1a: Melmetal|move: Protect\n|\n|-heal|p1a: Melmetal|100/100|[from] item: Leftovers\n|-damage|p2a: Charizard-Prime|74/100 tox|[from] psn\n|upkeep\n|turn|38\n|\n|t:|1763161928\n|switch|p1a: Blastoise|Blastoise-Mega, F, shiny|21/100\n|move|p2a: Charizard-Prime|Aeroblast|p1a: Blastoise\n|-damage|p1a: Blastoise|0 fnt\n|faint|p1a: Blastoise\n|detailschange|p1: Blastoise|Blastoise, F, shiny|[silent]\n|-ability|p2a: Charizard-Prime|Beast Boost|boost\n|-boost|p2a: Charizard-Prime|spe|1\n|\n|-damage|p2a: Charizard-Prime|56/100 tox|[from] psn\n|upkeep\n|\n|t:|1763161932\n|switch|p1a: Mandibuzz-Prime|Mandibuzz-Prime, F, shiny|46/100 brn\n|turn|39\n|\n|t:|1763161941\n|move|p2a: Charizard-Prime|Aeroblast|p1a: Mandibuzz-Prime\n|-damage|p1a: Mandibuzz-Prime|19/100 brn\n|move|p1a: Mandibuzz-Prime|Roost|p1a: Mandibuzz-Prime\n|-heal|p1a: Mandibuzz-Prime|69/100 brn\n|-singleturn|p1a: Mandibuzz-Prime|move: Roost\n|\n|-damage|p2a: Charizard-Prime|31/100 tox|[from] psn\n|-damage|p1a: Mandibuzz-Prime|63/100 brn|[from] brn\n|upkeep\n|turn|40\n|\n|t:|1763161968\n|move|p2a: Charizard-Prime|Flamethrower|p1a: Mandibuzz-Prime\n|-damage|p1a: Mandibuzz-Prime|52/100 brn\n|move|p1a: Mandibuzz-Prime|Ruination|p2a: Charizard-Prime\n|-damage|p2a: Charizard-Prime|16/100 tox\n|\n|-damage|p2a: Charizard-Prime|0 fnt|[from] psn\n|faint|p2a: Charizard-Prime\n|-damage|p1a: Mandibuzz-Prime|46/100 brn|[from] brn\n|upkeep\n|\n|t:|1763161980\n|switch|p2a: Deoxys|Deoxys-Speed|100/100\n|-ability|p2a: Deoxys|Pressure\n|turn|41\n|\n|t:|1763161985\n|move|p2a: Deoxys|Spikes|p1a: Mandibuzz-Prime\n|-sidestart|p1: ElysianSoul222|Spikes\n|move|p1a: Mandibuzz-Prime|Roost|p1a: Mandibuzz-Prime\n|-heal|p1a: Mandibuzz-Prime|96/100 brn\n|-singleturn|p1a: Mandibuzz-Prime|move: Roost\n|\n|-damage|p1a: Mandibuzz-Prime|90/100 brn|[from] brn\n|upkeep\n|turn|42\n|\n|t:|1763161991\n|move|p2a: Deoxys|Spikes|p1a: Mandibuzz-Prime\n|-sidestart|p1: ElysianSoul222|Spikes\n|move|p1a: Mandibuzz-Prime|Ruination|p2a: Deoxys\n|-damage|p2a: Deoxys|50/100\n|\n|-heal|p2a: Deoxys|57/100|[from] item: Leftovers\n|-damage|p1a: Mandibuzz-Prime|84/100 brn|[from] brn\n|upkeep\n|turn|43\n|\n|t:|1763161995\n|move|p2a: Deoxys|Spikes|p1a: Mandibuzz-Prime\n|-sidestart|p1: ElysianSoul222|Spikes\n|move|p1a: Mandibuzz-Prime|Whirlwind|p2a: Deoxys\n|drag|p2a: Hydrapple|Hydrapple, F|97/100\n|\n|-damage|p1a: Mandibuzz-Prime|78/100 brn|[from] brn\n|upkeep\n|turn|44\n|\n|t:|1763162002\n|switch|p2a: Deoxys|Deoxys-Speed|57/100\n|-ability|p2a: Deoxys|Pressure\n|move|p1a: Mandibuzz-Prime|Ruination|p2a: Deoxys\n|-damage|p2a: Deoxys|29/100\n|\n|-heal|p2a: Deoxys|35/100|[from] item: Leftovers\n|-damage|p1a: Mandibuzz-Prime|72/100 brn|[from] brn\n|upkeep\n|turn|45\n|\n|t:|1763162015\n|move|p2a: Deoxys|Knock Off|p1a: Mandibuzz-Prime\n|-resisted|p1a: Mandibuzz-Prime\n|-damage|p1a: Mandibuzz-Prime|65/100 brn\n|-enditem|p1a: Mandibuzz-Prime|Heavy-Duty Boots|[from] move: Knock Off|[of] p2a: Deoxys\n|move|p1a: Mandibuzz-Prime|Whirlwind|p2a: Deoxys\n|drag|p2a: Kommo-o|Kommo-o, F|100/100\n|\n|-damage|p1a: Mandibuzz-Prime|59/100 brn|[from] brn\n|upkeep\n|turn|46\n|\n|t:|1763162034\n|switch|p2a: Deoxys|Deoxys-Speed|35/100\n|-ability|p2a: Deoxys|Pressure\n|move|p1a: Mandibuzz-Prime|Ruination|p2a: Deoxys|[miss]\n|-miss|p1a: Mandibuzz-Prime|p2a: Deoxys\n|\n|-heal|p2a: Deoxys|41/100|[from] item: Leftovers\n|-damage|p1a: Mandibuzz-Prime|53/100 brn|[from] brn\n|upkeep\n|turn|47\n|\n|t:|1763162041\n|move|p2a: Deoxys|Recover|p2a: Deoxys\n|-heal|p2a: Deoxys|91/100\n|move|p1a: Mandibuzz-Prime|Whirlwind|p2a: Deoxys\n|drag|p2a: Kommo-o|Kommo-o, F|100/100\n|\n|-damage|p1a: Mandibuzz-Prime|47/100 brn|[from] brn\n|upkeep\n|turn|48\n|\n|t:|1763162064\n|switch|p2a: Deoxys|Deoxys-Speed|91/100\n|-ability|p2a: Deoxys|Pressure\n|switch|p1a: Iron Valiant|Iron Valiant, shiny|100/100\n|-damage|p1a: Iron Valiant|76/100|[from] Spikes\n|\n|-heal|p2a: Deoxys|98/100|[from] item: Leftovers\n|upkeep\n|turn|49\n|\n|t:|1763162070\n|move|p1a: Iron Valiant|Moonblast|p2a: Deoxys\n|-damage|p2a: Deoxys|45/100\n|-unboost|p2a: Deoxys|spa|1\n|move|p2a: Deoxys|Zen Headbutt|p1a: Iron Valiant\n|-supereffective|p1a: Iron Valiant\n|-damage|p1a: Iron Valiant|11/100\n|\n|-heal|p2a: Deoxys|51/100|[from] item: Leftovers\n|upkeep\n|turn|50\n|\n|t:|1763162082\n|switch|p2a: Swampert-Prime|Swampert-Prime, F|100/100\n|move|p1a: Iron Valiant|Moonblast|p2a: Swampert-Prime\n|-damage|p2a: Swampert-Prime|79/100\n|\n|upkeep\n|turn|51\n|\n|t:|1763162116\n|move|p1a: Iron Valiant|Moonblast|p2a: Swampert-Prime\n|-damage|p2a: Swampert-Prime|57/100\n|move|p2a: Swampert-Prime|Flip Turn|p1a: Iron Valiant\n|-damage|p1a: Iron Valiant|0 fnt\n|faint|p1a: Iron Valiant\n|-end|p1a: Iron Valiant|Quark Drive|[silent]\n|\n|t:|1763162130\n|switch|p2a: Deoxys|Deoxys-Speed|51/100|[from] Flip Turn\n|-ability|p2a: Deoxys|Pressure\n|\n|-heal|p2a: Deoxys|57/100|[from] item: Leftovers\n|upkeep\n|\n|t:|1763162142\n|switch|p1a: Melmetal|Melmetal, shiny, tera:Grass|100/100\n|-damage|p1a: Melmetal|76/100|[from] Spikes\n|turn|52\n|\n|t:|1763162146\n|move|p1a: Melmetal|Protect|p1a: Melmetal\n|-singleturn|p1a: Melmetal|Protect\n|move|p2a: Deoxys|Knock Off|p1a: Melmetal\n|-activate|p1a: Melmetal|move: Protect\n|\n|-heal|p2a: Deoxys|64/100|[from] item: Leftovers\n|-heal|p1a: Melmetal|82/100|[from] item: Leftovers\n|upkeep\n|turn|53\n|\n|t:|1763162151\n|move|p2a: Deoxys|Knock Off|p1a: Melmetal\n|-damage|p1a: Melmetal|69/100\n|-enditem|p1a: Melmetal|Leftovers|[from] move: Knock Off|[of] p2a: Deoxys\n|move|p1a: Melmetal|Double Iron Bash|p2a: Deoxys\n|-damage|p2a: Deoxys|25/100\n|-damage|p2a: Deoxys|0 fnt\n|faint|p2a: Deoxys\n|-hitcount|p2: Deoxys|2\n|\n|upkeep\n|\n|t:|1763162179\n|switch|p2a: Kommo-o|Kommo-o, F|100/100\n|turn|54\n|\n|t:|1763162199\n|move|p2a: Kommo-o|Aura Sphere|p1a: Melmetal\n|-damage|p1a: Melmetal|34/100\n|move|p1a: Melmetal|Toxic|p2a: Kommo-o\n|-status|p2a: Kommo-o|tox\n|\n|-damage|p2a: Kommo-o|94/100 tox|[from] psn\n|upkeep\n|turn|55\n|\n|t:|1763162212\n|move|p1a: Melmetal|Protect|p1a: Melmetal\n|-singleturn|p1a: Melmetal|Protect\n|move|p2a: Kommo-o|Clangorous Soul|p2a: Kommo-o\n|-boost|p2a: Kommo-o|atk|1\n|-boost|p2a: Kommo-o|def|1\n|-boost|p2a: Kommo-o|spa|1\n|-boost|p2a: Kommo-o|spd|1\n|-boost|p2a: Kommo-o|spe|1\n|-damage|p2a: Kommo-o|61/100 tox\n|-enditem|p2a: Kommo-o|Throat Spray\n|-boost|p2a: Kommo-o|spa|1|[from] item: Throat Spray\n|\n|-damage|p2a: Kommo-o|49/100 tox|[from] psn\n|upkeep\n|turn|56\n|\n|t:|1763162217\n|move|p1a: Melmetal|Protect||[still]\n|-fail|p1a: Melmetal\n|move|p2a: Kommo-o|Aura Sphere|p1a: Melmetal\n|-damage|p1a: Melmetal|0 fnt\n|faint|p1a: Melmetal\n|\n|-damage|p2a: Kommo-o|30/100 tox|[from] psn\n|upkeep\n|\n|t:|1763162223\n|switch|p1a: Mandibuzz-Prime|Mandibuzz-Prime, F, shiny|47/100 brn\n|turn|57\n|c|☆ElysianSoul222|gg\n|\n|t:|1763162228\n|-terastallize|p2a: Kommo-o|Fairy\n|move|p2a: Kommo-o|Tera Blast|p1a: Mandibuzz-Prime|[anim] Tera Blast Fairy\n|-supereffective|p1a: Mandibuzz-Prime\n|-damage|p1a: Mandibuzz-Prime|0 fnt\n|faint|p1a: Mandibuzz-Prime\n|\n|-damage|p2a: Kommo-o|6/100 tox|[from] psn\n|upkeep\n|\n|t:|1763162232\n|switch|p1a: Dragapult|Dragapult, M, shiny|24/100\n|-damage|p1a: Dragapult|0 fnt|[from] Spikes\n|faint|p1a: Dragapult\n|\n|win|FrogadierDucklett\n|c|☆FrogadierDucklett|ggs\n","players":["ElysianSoul222","FrogadierDucklett"],"format":"[Gen 9] NatDex Draft","rating":null,"private":0,"password":null,"inputlog":">version 19226fd8189bb53d85415584f06aa21789a3c230\n>start {\"formatid\":\"gen9natdexdraft@@@Tera Type Preview\",\"seed\":\"sodium,7f238ad789d3d7d67ac4494372e02444\"}\n>player p1 {\"name\":\"ElysianSoul222\",\"avatar\":\"skierf\",\"team\":\"Mandibuzz-Prime||HeavyDutyBoots|ThickFat|Whirlwind,Roost,KnockOff,Ruination|Calm|248,,,,212,48|F||S||,,,,,Dark]Blastoise||Blastoisinite|Torrent|Scald,IceBeam,RapidSpin,FlipTurn|Relaxed|248,,252,,8,|F||S||,,,,,Water]Melmetal||Leftovers|IronFist|DoubleIronBash,Protect,Earthquake,Toxic|Adamant|,248,,,156,104|N||S||,,,,,Grass]Dragapult||HeavyDutyBoots|Infiltrator|ThunderWave,Hex,DracoMeteor,Uturn|Timid|88,,,252,,168|M||S||,,,,,Dragon]Iron Valiant||ChoiceScarf|QuarkDrive|Moonblast,DestinyBond,VacuumWave,CloseCombat|Naive|,88,,252,,168|N||S||,,,,,Fairy]Rotom|RotomFan|ChoiceSpecs|Levitate|AirSlash,VoltSwitch,TeraBlast,Trick|Timid|8,,,252,,248|N||S||,,,,,Flying\",\"rating\":0}\n>player p2 {\"name\":\"FrogadierDucklett\",\"avatar\":\"170\",\"team\":\"Swampert-Prime||AssaultVest|Regenerator|Scald,EarthPower,KnockOff,FlipTurn|Relaxed|252,,176,,24,56|F||||,,,,,Water]Charizard-Prime||HeavyDutyBoots|BeastBoost|Aeroblast,Flamethrower,Roost,WillOWisp|Timid|32,,,252,,224|M|,0,,,,|||,,,,,Fire]Iron Treads||ChopleBerry|QuarkDrive|IronHead,RapidSpin,Earthquake,VoltSwitch|Jolly|,252,,,4,252|N||||,,,,,Ground]Deoxys|DeoxysSpeed|Leftovers|Pressure|Spikes,Recover,KnockOff,ZenHeadbutt|Jolly|252,4,252,,,|N||||,,,,,Psychic]Hydrapple||HeavyDutyBoots|SupersweetSyrup|TeraBlast,EarthPower,SuckerPunch,EnergyBall|Quiet|248,,52,208,,|F||||,,,,,Fairy]Kommo-o||ThroatSpray|Bulletproof|TeraBlast,ClangorousSoul,AuraSphere,ClangingScales|Timid|,,,252,4,252|F||||,,,,,Fairy\",\"rating\":0}\n>chat ☆FrogadierDucklett|glhf!\n>chat ☆ElysianSoul222|u2\n>p1 team 2, 1, 3, 4, 5, 6\n>p2 team 1, 2, 3, 4, 5, 6\n>p1 move scald mega\n>p2 move earthpower\n>p1 move flipturn\n>p2 move scald\n>p1 switch 4\n>p1 move dracometeor\n>p2 move knockoff\n>p1 move uturn\n>p2 move flipturn\n>p1 switch 4\n>p2 switch 3\n>p1 move scald\n>p2 move voltswitch\n>p2 switch 3\n>p1 move flipturn\n>p2 move flipturn\n>p2 switch 5\n>p1 switch 6\n>p1 move airslash\n>p2 switch 5\n>p1 switch 6\n>p2 move flipturn\n>p2 switch 2\n>p1 switch 2\n>p2 move aeroblast\n>p1 move knockoff\n>p2 move willowisp\n>p1 move ruination\n>p2 move flamethrower\n>p1 move roost\n>p2 move aeroblast\n>p1 move ruination\n>p2 move roost\n>p1 move roost\n>p2 move roost\n>p1 move whirlwind\n>p2 switch 2\n>p1 move knockoff\n>p2 switch 2\n>p1 move whirlwind\n>p2 move flamethrower\n>p1 switch 2\n>p2 switch 4\n>p1 switch 2\n>p2 move aeroblast\n>p1 move roost\n>p2 move aeroblast\n>p1 move roost\n>p2 move flamethrower\n>p1 move ruination\n>p2 move flamethrower\n>p1 switch 6\n>p2 move flamethrower\n>p1 move trick\n>p2 move flamethrower\n>p1 switch 6\n>p1 move whirlwind\n>p2 move flamethrower\n>p1 move roost\n>p2 move voltswitch\n>p2 switch 3\n>p1 move whirlwind\n>p2 move roost\n>p1 move ruination\n>p2 move voltswitch\n>p2 switch 3\n>p1 move roost\n>p2 move flamethrower\n>p1 move whirlwind\n>p2 move aeroblast\n>p1 switch 2\n>p2 switch 2\n>p1 switch 3\n>p2 move aeroblast\n>p1 move protect\n>p2 move flamethrower\n>p1 move toxic\n>p2 move roost\n>p1 move protect\n>p2 switch 4\n>p1 move toxic terastallize\n>p2 move flipturn\n>p2 switch 4\n>p1 move protect\n>p2 move flamethrower\n>p1 switch 3\n>p2 move aeroblast\n>p1 switch 2\n>p1 move roost\n>p2 move aeroblast\n>p1 move ruination\n>p2 move flamethrower\n>p2 switch 2\n>p1 move roost\n>p2 move spikes\n>p1 move ruination\n>p2 move spikes\n>p1 move whirlwind\n>p2 move spikes\n>p1 move ruination\n>p2 switch 5\n>p1 move whirlwind\n>p2 move knockoff\n>p1 move ruination\n>p2 switch 6\n>p1 move whirlwind\n>p2 move recover\n>p1 switch 5\n>p2 switch 6\n>p1 move moonblast\n>p2 move zenheadbutt\n>p1 move moonblast\n>p2 switch 4\n>p1 move moonblast\n>p2 move flipturn\n>p2 switch 4\n>p1 switch 3\n>p1 move protect\n>p2 move knockoff\n>p1 move doubleironbash\n>p2 move knockoff\n>p2 switch 6\n>p1 move toxic\n>p2 move aurasphere\n>p1 move protect\n>p2 move clangoroussoul\n>p1 move protect\n>p2 move aurasphere\n>p1 switch 5\n>chat ☆ElysianSoul222|gg\n>p1 move whirlwind\n>p2 move terablast terastallize\n>p1 switch 4","uploadtime":1763162240}