{"id":"gen9natdexdraft-284","log":"|j|☆Tapuplayz\n|j|☆durg4\n|t:|1762742493\n|gametype|singles\n|player|p1|Tapuplayz|benga|\n|player|p2|durg4|169|\n|gen|9\n|tier|[Gen 9] NatDex Draft\n|rule|Tera Type Preview: Tera Types are shown at Team Preview\n|rule|Sleep Clause Mod: Limit one foe put to sleep\n|rule|OHKO Clause: OHKO moves are banned\n|rule|Evasion Clause: Evasion abilities, items, and moves are banned\n|rule|Evasion Abilities Clause: Evasion abilities are banned\n|rule|Evasion Items Clause: Evasion items are banned\n|rule|Evasion Moves Clause: Evasion moves are banned\n|rule|Endless Battle Clause: Forcing endless battles is banned\n|rule|HP Percentage Mod: HP is shown in percentages\n|raw|<div class=\"infobox\"><details class=\"readmore\" open><summary><strong>1 custom rule:</strong></summary> Tera Type Preview</details></div>\n|clearpoke\n|poke|p1|Ogerpon-Hearthflame, F|\n|poke|p1|Thundurus, M|\n|poke|p1|Garchomp, F|\n|poke|p1|Marshydow, F|\n|poke|p1|Zoroark-Hisui, F|\n|poke|p1|Toxtricity, M|\n|poke|p2|Dugtrio, M|\n|poke|p2|Iron Moth|\n|poke|p2|Raikou|\n|poke|p2|Comfey, F|\n|poke|p2|Eelektross-Hell, F|\n|poke|p2|Seismitoad, F|\n|raw|Tapuplayz's Tera Types:<br /><psicon pokemon=\"ogerponhearthflame\" /><psicon type=\"Fire\" /> / <psicon pokemon=\"thundurus\" /><psicon type=\"Electric\" /> / <psicon pokemon=\"garchomp\" /><psicon type=\"Dragon\" /> / <psicon pokemon=\"marshydow\" /><psicon type=\"Ghost\" /> / <psicon pokemon=\"zoroarkhisui\" /><psicon type=\"Normal\" /> / <psicon pokemon=\"toxtricity\" /><psicon type=\"Electric\" />\n|raw|durg4's Tera Types:<br /><psicon pokemon=\"dugtrio\" /><psicon type=\"Psychic\" /> / <psicon pokemon=\"ironmoth\" /><psicon type=\"Water\" /> / <psicon pokemon=\"raikou\" /><psicon type=\"Electric\" /> / <psicon pokemon=\"comfey\" /><psicon type=\"Fairy\" /> / <psicon pokemon=\"eelektrosshell\" /><psicon type=\"Dark\" /> / <psicon pokemon=\"seismitoad\" /><psicon type=\"Water\" />\n|teampreview\n|\n|t:|1762742536\n|teamsize|p1|6\n|teamsize|p2|6\n|start\n|switch|p1a: Thundurus|Thundurus, M|100/100\n|switch|p2a: Eelektross-Hell|Eelektross-Hell, F, shiny|100/100\n|turn|1\n|\n|t:|1762742543\n|move|p1a: Thundurus|Wildbolt Storm|p2a: Eelektross-Hell|[miss]\n|-miss|p1a: Thundurus|p2a: Eelektross-Hell\n|move|p2a: Eelektross-Hell|Coil|p2a: Eelektross-Hell\n|-boost|p2a: Eelektross-Hell|atk|1\n|-boost|p2a: Eelektross-Hell|def|1\n|-boost|p2a: Eelektross-Hell|accuracy|1\n|\n|upkeep\n|turn|2\n|\n|t:|1762742549\n|move|p1a: Thundurus|Wildbolt Storm|p2a: Eelektross-Hell\n|-damage|p2a: Eelektross-Hell|61/100\n|move|p2a: Eelektross-Hell|Gunk Shot|p1a: Thundurus\n|-damage|p1a: Thundurus|0 fnt\n|faint|p1a: Thundurus\n|\n|upkeep\n|\n|t:|1762742559\n|switch|p1a: Garchomp|Garchomp, F|100/100\n|turn|3\n|\n|t:|1762742564\n|move|p1a: Garchomp|Earthquake|p2a: Eelektross-Hell\n|-immune|p2a: Eelektross-Hell|[from] ability: Levitate\n|move|p2a: Eelektross-Hell|Leech Life|p1a: Garchomp\n|-crit|p1a: Garchomp\n|-damage|p1a: Garchomp|55/100\n|-heal|p2a: Eelektross-Hell|83/100|[from] drain|[of] p1a: Garchomp\n|-damage|p2a: Eelektross-Hell|71/100|[from] ability: Rough Skin|[of] p1a: Garchomp\n|-damage|p2a: Eelektross-Hell|54/100|[from] item: Rocky Helmet|[of] p1a: Garchomp\n|\n|upkeep\n|turn|4\n|\n|t:|1762742581\n|move|p1a: Garchomp|Stealth Rock|p2a: Eelektross-Hell\n|-sidestart|p2: durg4|move: Stealth Rock\n|move|p2a: Eelektross-Hell|Coil|p2a: Eelektross-Hell\n|-boost|p2a: Eelektross-Hell|atk|1\n|-boost|p2a: Eelektross-Hell|def|1\n|-boost|p2a: Eelektross-Hell|accuracy|1\n|\n|upkeep\n|turn|5\n|\n|t:|1762742587\n|move|p1a: Garchomp|Dragon Claw|p2a: Eelektross-Hell\n|-damage|p2a: Eelektross-Hell|32/100\n|move|p2a: Eelektross-Hell|Leech Life|p1a: Garchomp\n|-damage|p1a: Garchomp|15/100\n|-heal|p2a: Eelektross-Hell|50/100|[from] drain|[of] p1a: Garchomp\n|-damage|p2a: Eelektross-Hell|38/100|[from] ability: Rough Skin|[of] p1a: Garchomp\n|-damage|p2a: Eelektross-Hell|22/100|[from] item: Rocky Helmet|[of] p1a: Garchomp\n|\n|upkeep\n|turn|6\n|\n|t:|1762742597\n|move|p1a: Garchomp|Dragon Claw|p2a: Eelektross-Hell\n|-damage|p2a: Eelektross-Hell|0 fnt\n|faint|p2a: Eelektross-Hell\n|\n|upkeep\n|\n|t:|1762742618\n|switch|p2a: Raikou|Raikou, shiny|100/100\n|-damage|p2a: Raikou|88/100|[from] Stealth Rock\n|turn|7\n|\n|t:|1762742623\n|move|p2a: Raikou|Hidden Power|p1a: Garchomp\n|-supereffective|p1a: Garchomp\n|-damage|p1a: Garchomp|0 fnt\n|faint|p1a: Garchomp\n|\n|-heal|p2a: Raikou|94/100|[from] item: Leftovers\n|upkeep\n|\n|t:|1762742631\n|switch|p1a: Ogerpon|Ogerpon-Hearthflame, F|100/100\n|-ability|p1a: Ogerpon|Mold Breaker\n|turn|8\n|\n|t:|1762742651\n|move|p2a: Raikou|Calm Mind|p2a: Raikou\n|-boost|p2a: Raikou|spa|1\n|-boost|p2a: Raikou|spd|1\n|move|p1a: Ogerpon|Horn Leech|p2a: Raikou\n|-damage|p2a: Raikou|37/100\n|\n|-heal|p2a: Raikou|43/100|[from] item: Leftovers\n|upkeep\n|turn|9\n|\n|t:|1762742658\n|move|p2a: Raikou|Hidden Power|p1a: Ogerpon\n|-damage|p1a: Ogerpon|69/100\n|move|p1a: Ogerpon|Horn Leech|p2a: Raikou\n|-damage|p2a: Raikou|0 fnt\n|-heal|p1a: Ogerpon|92/100|[from] drain|[of] p2a: Raikou\n|faint|p2a: Raikou\n|\n|upkeep\n|\n|t:|1762742675\n|switch|p2a: Iron Moth|Iron Moth, shiny|100/100\n|-damage|p2a: Iron Moth|76/100|[from] Stealth Rock\n|-enditem|p2a: Iron Moth|Booster Energy\n|-activate|p2a: Iron Moth|ability: Quark Drive|[fromitem]\n|-start|p2a: Iron Moth|quarkdrivespe\n|turn|10\n|\n|t:|1762742684\n|switch|p1a: Marshydow|Marshydow, F|100/100\n|move|p2a: Iron Moth|Sludge Wave|p1a: Marshydow\n|-resisted|p1a: Marshydow\n|-damage|p1a: Marshydow|48/100\n|replace|p1a: Zoroark|Zoroark-Hisui, F\n|-end|p1a: Zoroark|Illusion\n|\n|upkeep\n|turn|11\n|\n|t:|1762742692\n|move|p2a: Iron Moth|Fiery Dance|p1a: Zoroark\n|-damage|p1a: Zoroark|0 fnt\n|faint|p1a: Zoroark\n|\n|upkeep\n|\n|t:|1762742697\n|switch|p1a: Marshydow|Marshydow, F|100/100\n|turn|12\n|\n|t:|1762742701\n|move|p2a: Iron Moth|Psychic|p1a: Marshydow\n|-supereffective|p1a: Marshydow\n|-damage|p1a: Marshydow|27/100\n|move|p1a: Marshydow|Spectral Thief|p2a: Iron Moth\n|-damage|p2a: Iron Moth|0 fnt\n|faint|p2a: Iron Moth\n|-end|p2a: Iron Moth|Quark Drive|[silent]\n|-damage|p1a: Marshydow|17/100|[from] item: Life Orb\n|\n|upkeep\n|\n|t:|1762742774\n|switch|p2a: Dugtrio|Dugtrio, M, shiny|100/100\n|-damage|p2a: Dugtrio|94/100|[from] Stealth Rock\n|turn|13\n|\n|t:|1762742778\n|move|p1a: Marshydow|Shadow Sneak|p2a: Dugtrio\n|-damage|p2a: Dugtrio|0 fnt\n|faint|p2a: Dugtrio\n|-damage|p1a: Marshydow|7/100|[from] item: Life Orb\n|\n|upkeep\n|c|☆Tapuplayz|i knew dugtrio was frail but i didnt think it was that frail\n|\n|t:|1762742816\n|switch|p2a: Comfey|Comfey, F, shiny|100/100\n|-damage|p2a: Comfey|88/100|[from] Stealth Rock\n|turn|14\n|\n|t:|1762742821\n|move|p1a: Marshydow|Shadow Sneak|p2a: Comfey\n|-damage|p2a: Comfey|35/100\n|-damage|p1a: Marshydow|0 fnt|[from] item: Life Orb\n|faint|p1a: Marshydow\n|move|p2a: Comfey|Calm Mind|p2a: Comfey\n|-boost|p2a: Comfey|spa|1\n|-boost|p2a: Comfey|spd|1\n|\n|upkeep\n|\n|t:|1762742828\n|switch|p1a: Toxtricity|Toxtricity, M|100/100\n|turn|15\n|\n|t:|1762742842\n|detailschange|p2a: Comfey|Comfey-Mega, F, shiny\n|-mega|p2a: Comfey|Comfey|Comfeyite\n|detailschange|p1a: Toxtricity|Toxtricity-Mega, M\n|-mega|p1a: Toxtricity|Toxtricity|Toxtricite\n|-ability|p1a: Toxtricity|Boots of Ruin\n|move|p2a: Comfey|Stored Power|p1a: Toxtricity\n|-supereffective|p1a: Toxtricity\n|-damage|p1a: Toxtricity|46/100\n|move|p1a: Toxtricity|Boomburst|p2a: Comfey\n|-damage|p2a: Comfey|0 fnt\n|faint|p2a: Comfey\n|detailschange|p2: Comfey|Comfey, F, shiny|[silent]\n|\n|upkeep\n|\n|t:|1762742851\n|switch|p2a: Seismitoad|Seismitoad, F, shiny|100/100\n|-damage|p2a: Seismitoad|94/100|[from] Stealth Rock\n|turn|16\n|\n|t:|1762742869\n|move|p1a: Toxtricity|Toxic|p2a: Seismitoad\n|-status|p2a: Seismitoad|tox\n|move|p2a: Seismitoad|Ice Punch|p1a: Toxtricity\n|-damage|p1a: Toxtricity|24/100\n|\n|-damage|p2a: Seismitoad|88/100 tox|[from] psn\n|upkeep\n|turn|17\n|\n|t:|1762742878\n|move|p1a: Toxtricity|Boomburst|p2a: Seismitoad\n|-damage|p2a: Seismitoad|4/100 tox\n|move|p2a: Seismitoad|Ice Punch|p1a: Toxtricity\n|-damage|p1a: Toxtricity|2/100\n|\n|-damage|p2a: Seismitoad|0 fnt|[from] psn\n|faint|p2a: Seismitoad\n|\n|win|Tapuplayz\n|c|☆durg4|gg\n|c|☆Tapuplayz|gg\n|l|☆durg4\n|player|p2|\n","players":["Tapuplayz","durg4"],"format":"[Gen 9] NatDex Draft","rating":null,"private":0,"password":null,"inputlog":">version f63a4403f452e5d1b27b613872ec60ec6a0ba185\n>start {\"formatid\":\"gen9natdexdraft@@@Tera Type Preview\",\"seed\":\"sodium,ed87c169eb4dd96fc5857c3460d457b6\"}\n>player p1 {\"name\":\"Tapuplayz\",\"avatar\":\"benga\",\"team\":\"Ogerpon|OgerponHearthflame|HearthflameMask|MoldBreaker|IvyCudgel,HornLeech,PlayRough,KnockOff|Jolly|,252,,,4,252|F||||,Poison,,,,Fire]Thundurus||HeavyDutyBoots|Prankster|ThunderWave,WildboltStorm,Taunt,Psychic|Timid|,,,252,4,252|M|,0,,,,|||,,,,,Electric]Garchomp||RockyHelmet|RoughSkin|StealthRock,DragonClaw,Earthquake,FireFang|Jolly|,252,,,4,252|F||||,,,,,Dragon]Marshydow||LifeOrb|Technician|DrainPunch,IcePunch,ShadowSneak,SpectralThief|Jolly|,252,,,4,252|F||||,,,,,Ghost]Zoroark|ZoroarkHisui|FocusSash|Illusion|Flamethrower,DarkPulse,ShadowClaw,Uturn|Hasty|,4,,252,,252|F||||,,,,,Normal]Toxtricity||Toxtricite|PunkRock|Boomburst,Overdrive,SludgeBomb,Toxic|Modest|252,,,252,4,|M|,0,,,,|||,,,,,Electric\",\"rating\":0}\n>player p2 {\"name\":\"durg4\",\"avatar\":\"169\",\"team\":\"Dugtrio||ChoiceScarf|ArenaTrap|Earthquake,TeraBlast,Memento,SuckerPunch|Jolly|,252,,,,252|M||S||,,,,,Psychic]Iron Moth||BoosterEnergy|QuarkDrive|EnergyBall,FieryDance,Psychic,SludgeWave|Timid|120,,,132,4,252|N|,0,,,,|S||,,,,,Water]Raikou||Leftovers|InnerFocus|Substitute,CalmMind,HiddenPowerIce,Thunderbolt|Timid|40,,,252,,216|N|,0,,,,|S||,Ice,,,,Electric]Comfey||Comfeyite|Triage|CalmMind,DrainingKiss,GigaDrain,StoredPower|Timid|,,,252,4,252|F|,0,,,,|S||,,,,,Fairy]Eelektross-Hell||ExpertBelt|Levitate|GunkShot,Coil,LeechLife,DragonClaw|Careful|252,4,,,252,|F||S||,,,,,Dark]Seismitoad||RindoBerry|SwiftSwim|StealthRock,KnockOff,PoisonJab,IcePunch|Adamant|252,252,4,,,|F||S||,,,,,Water\",\"rating\":0}\n>p1 team 2, 3, 1, 6, 5, 4\n>p2 team 5, 2, 3, 4, 1, 6\n>p1 move wildboltstorm\n>p2 move coil\n>p1 move wildboltstorm\n>p2 move gunkshot\n>p1 switch 2\n>p1 move earthquake\n>p2 move leechlife\n>p1 move stealthrock\n>p2 move coil\n>p1 move dragonclaw\n>p2 move leechlife\n>p1 move dragonclaw\n>p2 move gunkshot\n>p2 switch 3\n>p1 move earthquake\n>p2 move hiddenpower\n>p1 switch 3\n>p1 move hornleech\n>p2 move calmmind\n>p1 move hornleech\n>p2 move hiddenpower\n>p2 switch 2\n>p1 switch 5\n>p2 move sludgewave\n>p1 move darkpulse\n>p2 move fierydance\n>p1 switch 6\n>p1 move spectralthief\n>p2 move psychic\n>p2 switch 5\n>p1 move shadowsneak\n>p2 move earthquake\n>chat ☆Tapuplayz|i knew dugtrio was frail but i didnt think it was that frail\n>p2 switch 4\n>p1 move shadowsneak\n>p2 move calmmind\n>p1 switch 4\n>p1 move boomburst mega\n>p2 move storedpower mega\n>p2 switch 6\n>p1 move toxic\n>p2 move icepunch\n>p1 move boomburst\n>p2 move icepunch","uploadtime":1762742937}