{"id":"gen9natdexdraft-128","log":"|j|☆durg4\n|j|☆nimjaishot\n|t:|1761444041\n|gametype|singles\n|player|p1|durg4|265|\n|player|p2|nimjaishot|101|\n|gen|9\n|tier|[Gen 9] NatDex Draft\n|rule|Tera Type Preview: Tera Types are shown at Team Preview\n|rule|Sleep Clause Mod: Limit one foe put to sleep\n|rule|OHKO Clause: OHKO moves are banned\n|rule|Evasion Clause: Evasion abilities, items, and moves are banned\n|rule|Evasion Abilities Clause: Evasion abilities are banned\n|rule|Evasion Items Clause: Evasion items are banned\n|rule|Evasion Moves Clause: Evasion moves are banned\n|rule|Endless Battle Clause: Forcing endless battles is banned\n|rule|HP Percentage Mod: HP is shown in percentages\n|raw|<div class=\"infobox\"><details class=\"readmore\" open><summary><strong>1 custom rule:</strong></summary> Tera Type Preview</details></div>\n|clearpoke\n|poke|p1|Dragapult, M|\n|poke|p1|Comfey, F|\n|poke|p1|Seismitoad, M|\n|poke|p1|Dugtrio, M|\n|poke|p1|Iron Moth|\n|poke|p1|Eelektross-Hell, F|\n|poke|p2|Garganacl, M|\n|poke|p2|Enamorus, F|\n|poke|p2|Morgrem, M|\n|poke|p2|Razor Spine, M|\n|poke|p2|Iron Hands|\n|poke|p2|Moltres|\n|raw|durg4's Tera Types:<br /><psicon pokemon=\"dragapult\" /><psicon type=\"Dragon\" /> / <psicon pokemon=\"comfey\" /><psicon type=\"Fairy\" /> / <psicon pokemon=\"seismitoad\" /><psicon type=\"Water\" /> / <psicon pokemon=\"dugtrio\" /><psicon type=\"Rock\" /> / <psicon pokemon=\"ironmoth\" /><psicon type=\"Steel\" /> / <psicon pokemon=\"eelektrosshell\" /><psicon type=\"Dark\" />\n|raw|nimjaishot's Tera Types:<br /><psicon pokemon=\"garganacl\" /><psicon type=\"Poison\" /> / <psicon pokemon=\"enamorus\" /><psicon type=\"Stellar\" /> / <psicon pokemon=\"morgrem\" /><psicon type=\"Dark\" /> / <psicon pokemon=\"razorspine\" /><psicon type=\"Steel\" /> / <psicon pokemon=\"ironhands\" /><psicon type=\"Fighting\" /> / <psicon pokemon=\"moltres\" /><psicon type=\"Fire\" />\n|teampreview\n|c|☆nimjaishot|gl hf\n|c|☆durg4|you too\n|\n|t:|1761444073\n|teamsize|p1|6\n|teamsize|p2|6\n|start\n|switch|p1a: Seismitoad|Seismitoad, M, shiny|100/100\n|switch|p2a: Morgrem|Morgrem, M|100/100\n|turn|1\n|\n|t:|1761444081\n|move|p2a: Morgrem|Parting Shot|p1a: Seismitoad\n|-unboost|p1a: Seismitoad|atk|1\n|-unboost|p1a: Seismitoad|spa|1\n|\n|t:|1761444103\n|switch|p2a: Moltres|Moltres|100/100|[from] Parting Shot\n|move|p1a: Seismitoad|Knock Off|p2a: Moltres\n|-damage|p2a: Moltres|89/100\n|-enditem|p2a: Moltres|Heavy-Duty Boots|[from] move: Knock Off|[of] p1a: Seismitoad\n|\n|upkeep\n|turn|2\n|j| The_Shawdoin\n|\n|t:|1761444167\n|move|p2a: Moltres|Hidden Power|p1a: Seismitoad\n|-supereffective|p1a: Seismitoad\n|-damage|p1a: Seismitoad|32/100\n|move|p1a: Seismitoad|Stealth Rock|p2a: Moltres\n|-sidestart|p2: nimjaishot|move: Stealth Rock\n|\n|upkeep\n|turn|3\n|c|☆durg4|Wait hp is allowed?\n|c| The_Shawdoin|yeah\n|c|☆nimjaishot|if not we can run it back\n|c| The_Shawdoin|check rules doc\n|c|☆nimjaishot|i didnt see anything that said it wasnt\n|c|☆durg4|It is. I just checked\n|c|☆durg4|Damn\n|c|☆nimjaishot|had me stressing bruh\n|c|☆nimjaishot|dont do that to me\n|\n|t:|1761444255\n|switch|p1a: Eelektross-Hell|Eelektross-Hell, F, shiny|100/100\n|move|p2a: Moltres|Scorching Sands|p1a: Eelektross-Hell\n|-immune|p1a: Eelektross-Hell|[from] ability: Levitate\n|\n|upkeep\n|turn|4\n|\n|t:|1761444287\n|move|p2a: Moltres|Flamethrower|p1a: Eelektross-Hell\n|-damage|p1a: Eelektross-Hell|47/100\n|move|p1a: Eelektross-Hell|Substitute|p1a: Eelektross-Hell\n|-start|p1a: Eelektross-Hell|Substitute\n|-damage|p1a: Eelektross-Hell|22/100\n|\n|-heal|p1a: Eelektross-Hell|28/100|[from] item: Black Sludge\n|upkeep\n|turn|5\n|\n|t:|1761444293\n|move|p2a: Moltres|Flamethrower|p1a: Eelektross-Hell\n|-end|p1a: Eelektross-Hell|Substitute\n|move|p1a: Eelektross-Hell|Gunk Shot|p2a: Moltres\n|-damage|p2a: Moltres|26/100\n|-status|p2a: Moltres|psn\n|\n|-heal|p1a: Eelektross-Hell|34/100|[from] item: Black Sludge\n|-damage|p2a: Moltres|14/100 psn|[from] psn\n|upkeep\n|turn|6\n|\n|t:|1761444322\n|switch|p1a: Seismitoad|Seismitoad, M, shiny|32/100\n|move|p2a: Moltres|Flamethrower|p1a: Seismitoad\n|-resisted|p1a: Seismitoad\n|-damage|p1a: Seismitoad|15/100\n|\n|-damage|p2a: Moltres|1/100 psn|[from] psn\n|upkeep\n|turn|7\n|\n|t:|1761444329\n|move|p2a: Moltres|Roost|p2a: Moltres\n|-heal|p2a: Moltres|51/100 psn\n|-singleturn|p2a: Moltres|move: Roost\n|move|p1a: Seismitoad|Scald|p2a: Moltres\n|-supereffective|p2a: Moltres\n|-damage|p2a: Moltres|1/100 psn\n|\n|-damage|p2a: Moltres|0 fnt|[from] psn\n|faint|p2a: Moltres\n|upkeep\n|\n|t:|1761444339\n|switch|p2a: Razor Spine|Razor Spine, M|100/100\n|-damage|p2a: Razor Spine|94/100|[from] Stealth Rock\n|turn|8\n|\n|t:|1761444345\n|move|p2a: Razor Spine|Rapid Spin|p1a: Seismitoad\n|-damage|p1a: Seismitoad|0 fnt\n|-boost|p2a: Razor Spine|spe|1\n|-sideend|p2: nimjaishot|Stealth Rock|[from] move: Rapid Spin|[of] p2a: Razor Spine\n|faint|p1a: Seismitoad\n|-damage|p2a: Razor Spine|85/100|[from] item: Life Orb\n|\n|upkeep\n|\n|t:|1761444422\n|switch|p1a: Dragapult|Dragapult, M, shiny|100/100\n|turn|9\n|\n|t:|1761444426\n|move|p1a: Dragapult|Shadow Ball|p2a: Razor Spine\n|-supereffective|p2a: Razor Spine\n|-damage|p2a: Razor Spine|0 fnt\n|faint|p2a: Razor Spine\n|-end|p2a: Razor Spine|Protosynthesis|[silent]\n|\n|upkeep\n|\n|t:|1761444436\n|switch|p2a: Morgrem|Morgrem, M|100/100\n|turn|10\n|\n|t:|1761444470\n|switch|p1a: Eelektross-Hell|Eelektross-Hell, F, shiny|34/100\n|move|p2a: Morgrem|Thunder Wave|p1a: Eelektross-Hell\n|-hint|Since gen 7, Dark is immune to Prankster moves.\n|-immune|p1a: Eelektross-Hell\n|\n|-heal|p1a: Eelektross-Hell|40/100|[from] item: Black Sludge\n|upkeep\n|turn|11\n|\n|t:|1761444482\n|switch|p2a: Iron Hands|Iron Hands|100/100\n|move|p1a: Eelektross-Hell|Substitute|p1a: Eelektross-Hell\n|-start|p1a: Eelektross-Hell|Substitute\n|-damage|p1a: Eelektross-Hell|15/100\n|\n|-heal|p1a: Eelektross-Hell|22/100|[from] item: Black Sludge\n|upkeep\n|turn|12\n|\n|t:|1761444486\n|move|p2a: Iron Hands|Drain Punch|p1a: Eelektross-Hell\n|-end|p1a: Eelektross-Hell|Substitute\n|move|p1a: Eelektross-Hell|Coil|p1a: Eelektross-Hell\n|-boost|p1a: Eelektross-Hell|atk|1\n|-boost|p1a: Eelektross-Hell|def|1\n|-boost|p1a: Eelektross-Hell|accuracy|1\n|\n|-heal|p1a: Eelektross-Hell|28/100|[from] item: Black Sludge\n|upkeep\n|turn|13\n|\n|t:|1761444490\n|move|p1a: Eelektross-Hell|Coil|p1a: Eelektross-Hell\n|-boost|p1a: Eelektross-Hell|atk|1\n|-boost|p1a: Eelektross-Hell|def|1\n|-boost|p1a: Eelektross-Hell|accuracy|1\n|move|p2a: Iron Hands|Drain Punch|p1a: Eelektross-Hell\n|-crit|p1a: Eelektross-Hell\n|-damage|p1a: Eelektross-Hell|0 fnt\n|faint|p1a: Eelektross-Hell\n|\n|upkeep\n|c|☆nimjaishot|oops\n|\n|t:|1761444505\n|switch|p1a: Dugtrio|Dugtrio, M, shiny|100/100\n|turn|14\n|\n|t:|1761444514\n|move|p1a: Dugtrio|Earthquake|p2a: Iron Hands\n|-supereffective|p2a: Iron Hands\n|-damage|p2a: Iron Hands|13/100\n|move|p2a: Iron Hands|Heavy Slam|p1a: Dugtrio\n|-damage|p1a: Dugtrio|0 fnt\n|faint|p1a: Dugtrio\n|\n|upkeep\n|\n|t:|1761444533\n|switch|p1a: Iron Moth|Iron Moth, shiny|100/100\n|-enditem|p1a: Iron Moth|Booster Energy\n|-activate|p1a: Iron Moth|ability: Quark Drive|[fromitem]\n|-start|p1a: Iron Moth|quarkdrivespa\n|turn|15\n|\n|t:|1761444536\n|move|p1a: Iron Moth|Fiery Dance|p2a: Iron Hands\n|-damage|p2a: Iron Hands|0 fnt\n|faint|p2a: Iron Hands\n|-end|p2a: Iron Hands|Quark Drive|[silent]\n|\n|upkeep\n|\n|t:|1761444539\n|switch|p2a: Morgrem|Morgrem, M|100/100\n|turn|16\n|\n|t:|1761444542\n|move|p2a: Morgrem|Thunder Wave|p1a: Iron Moth|[miss]\n|-miss|p2a: Morgrem|p1a: Iron Moth\n|move|p1a: Iron Moth|Sludge Wave|p2a: Morgrem\n|-supereffective|p2a: Morgrem\n|-damage|p2a: Morgrem|12/100\n|\n|upkeep\n|turn|17\n|\n|t:|1761444554\n|move|p2a: Morgrem|Thunder Wave|p1a: Iron Moth\n|-status|p1a: Iron Moth|par\n|cant|p1a: Iron Moth|par\n|\n|upkeep\n|turn|18\n|\n|t:|1761444563\n|move|p2a: Morgrem|Parting Shot|p1a: Iron Moth\n|-unboost|p1a: Iron Moth|atk|1\n|-unboost|p1a: Iron Moth|spa|1\n|\n|t:|1761444565\n|switch|p2a: Garganacl|Garganacl, M|100/100|[from] Parting Shot\n|move|p1a: Iron Moth|Fiery Dance|p2a: Garganacl\n|-resisted|p2a: Garganacl\n|-damage|p2a: Garganacl|88/100\n|-boost|p1a: Iron Moth|spa|1\n|\n|-heal|p2a: Garganacl|94/100|[from] item: Leftovers\n|upkeep\n|turn|19\n|\n|t:|1761444570\n|move|p1a: Iron Moth|Energy Ball|p2a: Garganacl\n|-supereffective|p2a: Garganacl\n|-damage|p2a: Garganacl|39/100\n|move|p2a: Garganacl|Salt Cure|p1a: Iron Moth\n|-supereffective|p1a: Iron Moth\n|-damage|p1a: Iron Moth|56/100 par\n|-start|p1a: Iron Moth|Salt Cure\n|\n|-heal|p2a: Garganacl|46/100|[from] item: Leftovers\n|-damage|p1a: Iron Moth|44/100 par|[from] Salt Cure\n|upkeep\n|turn|20\n|\n|t:|1761444577\n|-terastallize|p2a: Garganacl|Poison\n|cant|p1a: Iron Moth|par\n|move|p2a: Garganacl|Recover|p2a: Garganacl\n|-heal|p2a: Garganacl|96/100\n|\n|-heal|p2a: Garganacl|100/100|[from] item: Leftovers\n|-damage|p1a: Iron Moth|31/100 par|[from] Salt Cure\n|upkeep\n|turn|21\n|\n|t:|1761444587\n|cant|p1a: Iron Moth|par\n|move|p2a: Garganacl|Salt Cure|p1a: Iron Moth\n|-supereffective|p1a: Iron Moth\n|-damage|p1a: Iron Moth|0 fnt\n|faint|p1a: Iron Moth\n|-end|p1a: Iron Moth|Quark Drive|[silent]\n|\n|upkeep\n|\n|t:|1761444600\n|switch|p1a: Dragapult|Dragapult, M, shiny|100/100\n|turn|22\n|\n|t:|1761444604\n|move|p1a: Dragapult|Shadow Ball|p2a: Garganacl\n|-damage|p2a: Garganacl|87/100\n|-unboost|p2a: Garganacl|spd|1\n|move|p2a: Garganacl|Salt Cure|p1a: Dragapult\n|-damage|p1a: Dragapult|81/100\n|-start|p1a: Dragapult|Salt Cure\n|\n|-heal|p2a: Garganacl|93/100|[from] item: Leftovers\n|-damage|p1a: Dragapult|68/100|[from] Salt Cure\n|upkeep\n|turn|23\n|\n|t:|1761444611\n|move|p1a: Dragapult|Shadow Ball|p2a: Garganacl\n|-damage|p2a: Garganacl|73/100\n|move|p2a: Garganacl|Salt Cure|p1a: Dragapult\n|-damage|p1a: Dragapult|49/100\n|\n|-heal|p2a: Garganacl|79/100|[from] item: Leftovers\n|-damage|p1a: Dragapult|37/100|[from] Salt Cure\n|upkeep\n|turn|24\n|\n|t:|1761444616\n|move|p1a: Dragapult|Shadow Ball|p2a: Garganacl\n|-damage|p2a: Garganacl|61/100\n|move|p2a: Garganacl|Salt Cure|p1a: Dragapult\n|-damage|p1a: Dragapult|18/100\n|\n|-heal|p2a: Garganacl|67/100|[from] item: Leftovers\n|-damage|p1a: Dragapult|6/100|[from] Salt Cure\n|upkeep\n|turn|25\n|\n|t:|1761444623\n|switch|p2a: Morgrem|Morgrem, M|12/100\n|move|p1a: Dragapult|Shadow Ball|p2a: Morgrem\n|-resisted|p2a: Morgrem\n|-damage|p2a: Morgrem|0 fnt\n|faint|p2a: Morgrem\n|\n|-damage|p1a: Dragapult|0 fnt|[from] Salt Cure\n|faint|p1a: Dragapult\n|upkeep\n|\n|t:|1761444628\n|switch|p1a: Comfey|Comfey, F, shiny|100/100\n|switch|p2a: Enamorus|Enamorus, F|100/100\n|turn|26\n|\n|t:|1761444635\n|move|p2a: Enamorus|Sludge Bomb|p1a: Comfey\n|-supereffective|p1a: Comfey\n|-damage|p1a: Comfey|27/100\n|move|p1a: Comfey|Calm Mind|p1a: Comfey\n|-boost|p1a: Comfey|spa|1\n|-boost|p1a: Comfey|spd|1\n|\n|upkeep\n|turn|27\n|\n|t:|1761444644\n|move|p1a: Comfey|Draining Kiss|p2a: Enamorus\n|-damage|p2a: Enamorus|59/100\n|-heal|p1a: Comfey|59/100|[from] drain|[of] p2a: Enamorus\n|move|p2a: Enamorus|Sludge Bomb|p1a: Comfey\n|-supereffective|p1a: Comfey\n|-damage|p1a: Comfey|15/100\n|-status|p1a: Comfey|psn\n|\n|-damage|p1a: Comfey|2/100 psn|[from] psn\n|upkeep\n|turn|28\n|\n|t:|1761444650\n|move|p1a: Comfey|Draining Kiss|p2a: Enamorus\n|-damage|p2a: Enamorus|21/100\n|-heal|p1a: Comfey|32/100 psn|[from] drain|[of] p2a: Enamorus\n|move|p2a: Enamorus|Sludge Bomb|p1a: Comfey\n|-supereffective|p1a: Comfey\n|-damage|p1a: Comfey|0 fnt\n|faint|p1a: Comfey\n|\n|win|nimjaishot\n|c|☆nimjaishot|gsg\n|c|☆nimjaishot|ggs*\n|c|☆durg4|GG\n|l|☆durg4\n|player|p1|\n|c|☆nimjaishot|not 0-3 thank the lord\n|l|☆nimjaishot\n|player|p2|\n|j|☆nimjaishot\n|player|p2|nimjaishot|101|\n","players":["durg4","nimjaishot"],"format":"[Gen 9] NatDex Draft","rating":null,"private":0,"password":null,"inputlog":">version f5040886e674df30a81d8aa6703a640b23e7a073\n>start {\"formatid\":\"gen9natdexdraft@@@Tera Type Preview\",\"seed\":\"sodium,823f4c1b27801e931eecadf6d75e32e4\"}\n>player p1 {\"name\":\"durg4\",\"avatar\":\"265\",\"team\":\"Dragapult||ChoiceScarf|Infiltrator|ShadowBall,Surf,Uturn,Thunderbolt|Modest|,,,252,,252|M||S||,,,,,Dragon]Comfey||Comfeyite|Triage|CalmMind,GigaDrain,DrainingKiss,StoredPower|Modest|252,,,252,4,|F|,0,,,,|S||,,,,,Fairy]Seismitoad||HeavyDutyBoots|PoisonTouch|KnockOff,StealthRock,GrassKnot,Scald|Calm|252,,,4,252,|M||S||,,,,,Water]Dugtrio||ChoiceBand|ArenaTrap|Earthquake,TeraBlast,Memento,SuckerPunch|Hasty|,252,,4,108,144|M||S||,,,,,Rock]Iron Moth||BoosterEnergy|QuarkDrive|FieryDance,SludgeWave,FlashCannon,EnergyBall|Timid|,,,252,4,252|N|,0,,,,|S||,,,,,Steel]Eelektross-Hell||BlackSludge|Levitate|KnockOff,Substitute,Coil,GunkShot|Adamant|252,252,,,4,|F||S||,,,,,Dark\",\"rating\":0}\n>player p2 {\"name\":\"nimjaishot\",\"avatar\":\"101\",\"team\":\"Garganacl||Leftovers|PurifyingSalt|SaltCure,BodyPress,Recover,IronDefense|Careful|252,,4,,252,|M||||,,,,,Poison]Enamorus||RedCard|CuteCharm|Agility,Moonblast,SludgeBomb,EarthPower|Modest|120,,,252,,136|F|,0,,,,|||,,,,,Stellar]Morgrem||Eviolite|Prankster|ThunderWave,FoulPlay,PartingShot,Taunt|Calm|252,,4,,252,|M|,0,,,,|||,,,,,Dark]Razor Spine||LifeOrb|Protosynthesis|RapidSpin,MeteorMash,Flamethrower,Earthquake|Jolly|,252,,40,,216|M||||,,,,,Steel]Iron Hands||AssaultVest|QuarkDrive|DrainPunch,HeavySlam,WildCharge,Earthquake|Adamant|4,252,,,252,|N||||,,,,,Fighting]Moltres||HeavyDutyBoots|FlameBody|Flamethrower,HiddenPowerGrass,Roost,ScorchingSands|Modest|248,,,252,8,|N|,0,,,,|||,Grass,,,,Fire\",\"rating\":0}\n>chat ☆nimjaishot|gl hf\n>chat ☆durg4|you too\n>p1 team 3, 2, 1, 4, 5, 6\n>p2 team 3, 2, 1, 4, 5, 6\n>p1 move knockoff\n>p2 move partingshot\n>p2 switch 6\n>p1 move stealthrock\n>p2 move hiddenpower\n>chat ☆durg4|Wait hp is allowed?\n>chat  The_Shawdoin|yeah\n>chat ☆nimjaishot|if not we can run it back\n>chat  The_Shawdoin|check rules doc\n>chat ☆nimjaishot|i didnt see anything that said it wasnt\n>chat ☆durg4|It is. I just checked\n>chat ☆durg4|Damn\n>chat ☆nimjaishot|had me stressing bruh\n>chat ☆nimjaishot|dont do that to me\n>p1 switch 6\n>p2 move scorchingsands\n>p1 move substitute\n>p2 move flamethrower\n>p1 move gunkshot\n>p2 move flamethrower\n>p1 switch 6\n>p2 move flamethrower\n>p1 move scald\n>p2 move roost\n>p2 switch 4\n>p1 move knockoff\n>p2 move rapidspin\n>p1 switch 3\n>p1 move shadowball\n>p2 move meteormash\n>p2 switch 6\n>p1 switch 6\n>p2 move thunderwave\n>p1 move substitute\n>p2 switch 5\n>p1 move coil\n>p2 move drainpunch\n>p1 move coil\n>p2 move drainpunch\n>chat ☆nimjaishot|oops\n>p1 switch 4\n>p1 move earthquake\n>p2 move heavyslam\n>p1 switch 5\n>p1 move fierydance\n>p2 move earthquake\n>p2 switch 5\n>p1 move sludgewave\n>p2 move thunderwave\n>p1 move sludgewave\n>p2 move thunderwave\n>p1 move fierydance\n>p2 move partingshot\n>p2 switch 3\n>p1 move energyball\n>p2 move saltcure\n>p1 move energyball\n>p2 move recover terastallize\n>p1 move fierydance\n>p2 move saltcure\n>p1 switch 6\n>p1 move shadowball\n>p2 move saltcure\n>p1 move shadowball\n>p2 move saltcure\n>p1 move shadowball\n>p2 move saltcure\n>p1 move shadowball\n>p2 switch 3\n>p1 switch 2\n>p2 switch 2\n>p1 move calmmind\n>p2 move sludgebomb\n>p1 move drainingkiss\n>p2 move sludgebomb\n>p1 move drainingkiss\n>p2 move sludgebomb","uploadtime":1761444732}