{"id":"gen9natdexdraft-397","log":"|j|☆SparksTheNeo\n|j|☆snowpeashooter\n|t:|1763183896\n|gametype|singles\n|player|p1|SparksTheNeo|266|\n|player|p2|snowpeashooter|zinnia-masters|\n|gen|9\n|tier|[Gen 9] NatDex Draft\n|rule|Tera Type Preview: Tera Types are shown at Team Preview\n|rule|Sleep Clause Mod: Limit one foe put to sleep\n|rule|OHKO Clause: OHKO moves are banned\n|rule|Evasion Clause: Evasion abilities, items, and moves are banned\n|rule|Evasion Abilities Clause: Evasion abilities are banned\n|rule|Evasion Items Clause: Evasion items are banned\n|rule|Evasion Moves Clause: Evasion moves are banned\n|rule|Endless Battle Clause: Forcing endless battles is banned\n|rule|HP Percentage Mod: HP is shown in percentages\n|raw|<div class=\"infobox\"><details class=\"readmore\" open><summary><strong>1 custom rule:</strong></summary> Tera Type Preview</details></div>\n|clearpoke\n|poke|p1|Heatran, F|\n|poke|p1|Garchomp, F|\n|poke|p1|Spectrier|\n|poke|p1|Tsareena, F|\n|poke|p1|Mienshao-Hoenn, M|\n|poke|p1|Toxapex, M|\n|poke|p2|Slicing Segment, M|\n|poke|p2|Gholdengo-Sea, M|\n|poke|p2|Tornadus-Therian, M|\n|poke|p2|Ogerpon-Cornerstone, F|\n|poke|p2|Armarouge, M|\n|poke|p2|Hoopa-Unbound|\n|raw|SparksTheNeo's Tera Types:<br /><psicon pokemon=\"heatran\" /><psicon type=\"Bug\" /> / <psicon pokemon=\"garchomp\" /><psicon type=\"Dragon\" /> / <psicon pokemon=\"spectrier\" /><psicon type=\"Ghost\" /> / <psicon pokemon=\"tsareena\" /><psicon type=\"Grass\" /> / <psicon pokemon=\"mienshaohoenn\" /><psicon type=\"Water\" /> / <psicon pokemon=\"toxapex\" /><psicon type=\"Poison\" />\n|raw|snowpeashooter's Tera Types:<br /><psicon pokemon=\"slicingsegment\" /><psicon type=\"Bug\" /> / <psicon pokemon=\"gholdengosea\" /><psicon type=\"Ghost\" /> / <psicon pokemon=\"tornadustherian\" /><psicon type=\"Flying\" /> / <psicon pokemon=\"ogerponcornerstone\" /><psicon type=\"Rock\" /> / <psicon pokemon=\"armarouge\" /><psicon type=\"Fire\" /> / <psicon pokemon=\"hoopaunbound\" /><psicon type=\"Psychic\" />\n|teampreview\n|c|☆SparksTheNeo|glhf\n|\n|t:|1763183956\n|teamsize|p1|6\n|teamsize|p2|6\n|start\n|switch|p1a: Heatran|Heatran, F|100/100\n|switch|p2a: Slicing Segment|Slicing Segment, M|100/100\n|turn|1\n|\n|t:|1763183965\n|-end|p2a: Slicing Segment|Protosynthesis|[silent]\n|switch|p2a: Gholdengo-Sea|Gholdengo-Sea, M|100/100\n|-terastallize|p1a: Heatran|Bug\n|move|p1a: Heatran|Flamethrower|p2a: Gholdengo-Sea\n|-resisted|p2a: Gholdengo-Sea\n|-crit|p2a: Gholdengo-Sea\n|-damage|p2a: Gholdengo-Sea|60/100\n|\n|upkeep\n|turn|2\n|c|☆snowpeashooter|wtf\n|c|☆SparksTheNeo|sheesh\n|c|☆SparksTheNeo|nice crit\n|\n|t:|1763183983\n|switch|p1a: Toxapex|Toxapex, M|100/100\n|move|p2a: Gholdengo-Sea|Recover|p2a: Gholdengo-Sea\n|-heal|p2a: Gholdengo-Sea|100/100\n|\n|upkeep\n|turn|3\n|\n|t:|1763183994\n|switch|p2a: Slicing Segment|Slicing Segment, M|100/100\n|move|p1a: Toxapex|Knock Off|p2a: Slicing Segment\n|-damage|p2a: Slicing Segment|90/100\n|-enditem|p2a: Slicing Segment|Heavy-Duty Boots|[from] move: Knock Off|[of] p1a: Toxapex\n|\n|upkeep\n|turn|4\n|\n|t:|1763184012\n|switch|p1a: Garchomp|Garchomp, F|100/100\n|move|p2a: Slicing Segment|Sticky Web|p1a: Garchomp\n|-sidestart|p1: SparksTheNeo|move: Sticky Web\n|\n|upkeep\n|turn|5\n|\n|t:|1763184021\n|move|p1a: Garchomp|Stealth Rock|p2a: Slicing Segment\n|-sidestart|p2: snowpeashooter|move: Stealth Rock\n|move|p2a: Slicing Segment|Glare|p1a: Garchomp\n|-status|p1a: Garchomp|par\n|\n|upkeep\n|turn|6\n|\n|t:|1763184026\n|move|p2a: Slicing Segment|U-turn|p1a: Garchomp\n|-damage|p1a: Garchomp|81/100 par\n|-damage|p2a: Slicing Segment|77/100|[from] ability: Rough Skin|[of] p1a: Garchomp\n|-damage|p2a: Slicing Segment|61/100|[from] item: Rocky Helmet|[of] p1a: Garchomp\n|\n|t:|1763184030\n|-end|p2a: Slicing Segment|Protosynthesis|[silent]\n|switch|p2a: Gholdengo-Sea|Gholdengo-Sea, M|100/100|[from] U-turn\n|-damage|p2a: Gholdengo-Sea|88/100|[from] Stealth Rock\n|move|p1a: Garchomp|Spikes|p2a: Gholdengo-Sea\n|-sidestart|p2: snowpeashooter|Spikes\n|\n|upkeep\n|turn|7\n|\n|t:|1763184048\n|switch|p2a: Hoopa|Hoopa-Unbound|100/100\n|-damage|p2a: Hoopa|88/100|[from] Stealth Rock\n|-damage|p2a: Hoopa|76/100|[from] Spikes\n|switch|p1a: Toxapex|Toxapex, M|100/100\n|\n|upkeep\n|turn|8\n|\n|t:|1763184072\n|move|p2a: Hoopa|Zen Headbutt|p1a: Toxapex\n|-supereffective|p1a: Toxapex\n|-crit|p1a: Toxapex\n|-damage|p1a: Toxapex|0 fnt\n|faint|p1a: Toxapex\n|\n|upkeep\n|c|☆SparksTheNeo|zamn crit for crit\n|\n|t:|1763184083\n|switch|p1a: Tsareena|Tsareena, F|100/100\n|-activate|p1a: Tsareena|move: Sticky Web\n|-unboost|p1a: Tsareena|spe|1\n|turn|9\n|\n|t:|1763184093\n|switch|p2a: Gholdengo-Sea|Gholdengo-Sea, M|88/100\n|-damage|p2a: Gholdengo-Sea|76/100|[from] Stealth Rock\n|-damage|p2a: Gholdengo-Sea|63/100|[from] Spikes\n|move|p1a: Tsareena|Rapid Spin|p2a: Gholdengo-Sea\n|-immune|p2a: Gholdengo-Sea\n|\n|upkeep\n|turn|10\n|\n|t:|1763184103\n|move|p2a: Gholdengo-Sea|Ice Beam|p1a: Tsareena\n|-supereffective|p1a: Tsareena\n|-damage|p1a: Tsareena|31/100\n|move|p1a: Tsareena|Trop Kick|p2a: Gholdengo-Sea\n|-supereffective|p2a: Gholdengo-Sea\n|-enditem|p2a: Gholdengo-Sea|Rindo Berry|[eat]\n|-enditem|p2a: Gholdengo-Sea|Rindo Berry|[weaken]\n|-damage|p2a: Gholdengo-Sea|32/100\n|-unboost|p2a: Gholdengo-Sea|atk|1\n|\n|upkeep\n|turn|11\n|\n|t:|1763184113\n|switch|p1a: Mienshao-Hoenn|Mienshao-Hoenn, M|100/100\n|-activate|p1a: Mienshao-Hoenn|move: Sticky Web\n|-unboost|p1a: Mienshao-Hoenn|spe|1\n|move|p2a: Gholdengo-Sea|Ice Beam|p1a: Mienshao-Hoenn\n|-resisted|p1a: Mienshao-Hoenn\n|-damage|p1a: Mienshao-Hoenn|66/100\n|\n|upkeep\n|turn|12\n|\n|t:|1763184119\n|move|p1a: Mienshao-Hoenn|Knock Off|p2a: Gholdengo-Sea\n|-supereffective|p2a: Gholdengo-Sea\n|-damage|p2a: Gholdengo-Sea|0 fnt\n|faint|p2a: Gholdengo-Sea\n|\n|upkeep\n|\n|t:|1763184135\n|switch|p2a: Ogerpon|Ogerpon-Cornerstone, F|100/100\n|-damage|p2a: Ogerpon|88/100|[from] Stealth Rock\n|-damage|p2a: Ogerpon|76/100|[from] Spikes\n|turn|13\n|\n|t:|1763184159\n|switch|p1a: Garchomp|Garchomp, F|81/100 par\n|-activate|p1a: Garchomp|move: Sticky Web\n|-unboost|p1a: Garchomp|spe|1\n|move|p2a: Ogerpon|Swords Dance|p2a: Ogerpon\n|-boost|p2a: Ogerpon|atk|2\n|\n|upkeep\n|turn|14\n|\n|t:|1763184165\n|move|p2a: Ogerpon|Horn Leech|p1a: Garchomp\n|-damage|p1a: Garchomp|29/100 par\n|-heal|p2a: Ogerpon|100/100|[from] drain|[of] p1a: Garchomp\n|-damage|p2a: Ogerpon|88/100|[from] ability: Rough Skin|[of] p1a: Garchomp\n|-damage|p2a: Ogerpon|72/100|[from] item: Rocky Helmet|[of] p1a: Garchomp\n|move|p1a: Garchomp|Dragon Tail|p2a: Ogerpon\n|-damage|p2a: Ogerpon|36/100\n|drag|p2a: Tornadus|Tornadus-Therian, M|100/100\n|-damage|p2a: Tornadus|76/100|[from] Stealth Rock\n|\n|upkeep\n|turn|15\n|\n|t:|1763184183\n|move|p2a: Tornadus|Bleakwind Storm|p1a: Garchomp\n|-damage|p1a: Garchomp|0 fnt\n|faint|p1a: Garchomp\n|\n|upkeep\n|\n|t:|1763184205\n|switch|p1a: Heatran|Heatran, F, tera:Bug|100/100\n|-activate|p1a: Heatran|move: Sticky Web\n|-unboost|p1a: Heatran|spe|1\n|turn|16\n|\n|t:|1763184210\n|-terastallize|p2a: Tornadus|Flying\n|move|p2a: Tornadus|Bleakwind Storm|p1a: Heatran|[miss]\n|-miss|p2a: Tornadus|p1a: Heatran\n|move|p1a: Heatran|Flamethrower|p2a: Tornadus\n|-damage|p2a: Tornadus|21/100\n|-status|p2a: Tornadus|brn\n|\n|-damage|p2a: Tornadus|15/100 brn|[from] brn\n|upkeep\n|turn|17\n|c|☆SparksTheNeo|all according to plan\n|\n|t:|1763184221\n|move|p2a: Tornadus|Bleakwind Storm|p1a: Heatran\n|-supereffective|p1a: Heatran\n|-damage|p1a: Heatran|0 fnt\n|faint|p1a: Heatran\n|\n|-damage|p2a: Tornadus|9/100 brn|[from] brn\n|upkeep\n|\n|t:|1763184242\n|switch|p1a: Spectrier|Spectrier|100/100\n|-activate|p1a: Spectrier|move: Sticky Web\n|-unboost|p1a: Spectrier|spe|1\n|turn|18\n|\n|t:|1763184250\n|switch|p2a: Hoopa|Hoopa-Unbound|76/100\n|-damage|p2a: Hoopa|64/100|[from] Stealth Rock\n|-damage|p2a: Hoopa|51/100|[from] Spikes\n|move|p1a: Spectrier|Shadow Ball|p2a: Hoopa\n|-damage|p2a: Hoopa|7/100\n|\n|upkeep\n|turn|19\n|\n|t:|1763184260\n|move|p2a: Hoopa|Hyperspace Fury|p1a: Spectrier\n|-supereffective|p1a: Spectrier\n|-enditem|p1a: Spectrier|Colbur Berry|[eat]\n|-enditem|p1a: Spectrier|Colbur Berry|[weaken]\n|-damage|p1a: Spectrier|0 fnt\n|-unboost|p2a: Hoopa|def|1\n|faint|p1a: Spectrier\n|\n|upkeep\n|\n|t:|1763184276\n|switch|p1a: Tsareena|Tsareena, F|31/100\n|-activate|p1a: Tsareena|move: Sticky Web\n|-unboost|p1a: Tsareena|spe|1\n|turn|20\n|c|☆SparksTheNeo|gg\n|\n|t:|1763184280\n|move|p2a: Hoopa|Hyperspace Fury|p1a: Tsareena\n|-damage|p1a: Tsareena|0 fnt\n|-unboost|p2a: Hoopa|def|1\n|faint|p1a: Tsareena\n|\n|upkeep\n|\n|t:|1763184282\n|switch|p1a: Mienshao-Hoenn|Mienshao-Hoenn, M|99/100\n|-activate|p1a: Mienshao-Hoenn|move: Sticky Web\n|-unboost|p1a: Mienshao-Hoenn|spe|1\n|turn|21\n|\n|t:|1763184285\n|move|p1a: Mienshao-Hoenn|Surging Strikes|p2a: Hoopa\n|-crit|p2a: Hoopa\n|-damage|p2a: Hoopa|0 fnt\n|faint|p2a: Hoopa\n|-hitcount|p2: Hoopa|1\n|\n|upkeep\n|\n|t:|1763184296\n|switch|p2a: Ogerpon|Ogerpon-Cornerstone, F|36/100\n|-damage|p2a: Ogerpon|24/100|[from] Stealth Rock\n|-damage|p2a: Ogerpon|12/100|[from] Spikes\n|turn|22\n|\n|t:|1763184304\n|move|p2a: Ogerpon|Horn Leech|p1a: Mienshao-Hoenn\n|-supereffective|p1a: Mienshao-Hoenn\n|-damage|p1a: Mienshao-Hoenn|0 fnt\n|-heal|p2a: Ogerpon|56/100|[from] drain|[of] p1a: Mienshao-Hoenn\n|faint|p1a: Mienshao-Hoenn\n|\n|win|snowpeashooter\n","players":["SparksTheNeo","snowpeashooter"],"format":"[Gen 9] NatDex Draft","rating":null,"private":0,"password":null,"inputlog":">version 19226fd8189bb53d85415584f06aa21789a3c230\n>start {\"formatid\":\"gen9natdexdraft@@@Tera Type Preview\",\"seed\":\"sodium,f8c1e778c6ea8430bd7a56b99c6116df\"}\n>player p1 {\"name\":\"SparksTheNeo\",\"avatar\":\"266\",\"team\":\"Heatran||ChoiceScarf|FlameBody|Flamethrower,EarthPower,TeraBlast,DarkPulse|Timid|,,,252,4,252|F||||,,,,,Bug]Garchomp||RockyHelmet|RoughSkin|Earthquake,StealthRock,DragonTail,Spikes|Impish|252,4,252,,,|F||||,,,,,Dragon]Spectrier||ColburBerry|GrimNeigh|ShadowBall,NastyPlot,WillOWisp,DrainingKiss|Timid|,,,252,4,252|N|,0,,,,|||,,,,,Ghost]Tsareena||RockyHelmet|QueenlyMajesty|Synthesis,RapidSpin,TropKick,Uturn|Impish|252,4,252,,,|F||||,,,,,Grass]Mienshao-Hoenn||ChoiceScarf|Regenerator|KnockOff,Uturn,SurgingStrikes,CloseCombat|Jolly|,252,,,4,252|M||||,,,,,Water]Toxapex||HeavyDutyBoots|Regenerator|Recover,Scald,Haze,KnockOff|Sassy|252,,4,,252,|M||||,,,,,Poison\",\"rating\":0}\n>player p2 {\"name\":\"snowpeashooter\",\"avatar\":\"zinnia-masters\",\"team\":\"Slicing Segment||HeavyDutyBoots|Protosynthesis|StickyWeb,SlackOff,Uturn,Glare|Impish|248,,252,,8,|M||||,,,,,Bug]Gholdengo-Sea||RindoBerry|GoodasGold|IceBeam,Recover,NastyPlot,HydroPump|Modest|,,,252,8,248|M|,0,,,,|||,,,,,Ghost]Tornadus|TornadusTherian|WideLens|Regenerator|BleakwindStorm,FocusBlast,NastyPlot,SludgeWave|Modest|8,,,252,,248|M|,0,,,,|||,,,,,Flying]Ogerpon|OgerponCornerstone|CornerstoneMask|Sturdy|IvyCudgel,SwordsDance,HornLeech,PowerWhip|Jolly|,252,,,4,252|F||||,Poison,,,,Rock]Armarouge||Armarougite|FlashFire|ArmorCannon,FlashCannon,CalmMind,Psychic|Timid|,,,252,4,252|M|,0,,,,|||,,,,,Fire]Hoopa|HoopaUnbound|ChoiceBand|Magician|HyperspaceFury,ZenHeadbutt,KnockOff,GunkShot|Jolly|,252,,,4,252|N||||,,,,,Psychic\",\"rating\":0}\n>chat ☆SparksTheNeo|glhf\n>p1 team 1, 2, 3, 4, 5, 6\n>p2 team 1, 2, 3, 4, 5, 6\n>p1 move flamethrower terastallize\n>p2 switch 2\n>chat ☆snowpeashooter|wtf\n>chat ☆SparksTheNeo|sheesh\n>chat ☆SparksTheNeo|nice crit\n>p1 switch 6\n>p2 move recover\n>p1 move knockoff\n>p2 switch 2\n>p1 switch 2\n>p2 move stickyweb\n>p1 move stealthrock\n>p2 move glare\n>p1 move spikes\n>p2 move uturn\n>p2 switch 2\n>p1 switch 2\n>p2 switch 6\n>p1 move knockoff\n>p2 move zenheadbutt\n>chat ☆SparksTheNeo|zamn crit for crit\n>p1 switch 4\n>p1 move rapidspin\n>p2 switch 6\n>p1 move tropkick\n>p2 move icebeam\n>p1 switch 5\n>p2 move icebeam\n>p1 move knockoff\n>p2 move recover\n>p2 switch 4\n>p1 switch 2\n>p2 move swordsdance\n>p1 move dragontail\n>p2 move hornleech\n>p1 move dragontail\n>p2 move bleakwindstorm\n>p1 switch 6\n>p1 move flamethrower\n>p2 move bleakwindstorm terastallize\n>chat ☆SparksTheNeo|all according to plan\n>p1 move flamethrower\n>p2 move bleakwindstorm\n>p1 switch 3\n>p1 move shadowball\n>p2 switch 6\n>p1 move drainingkiss\n>p2 move hyperspacefury\n>p1 switch 5\n>chat ☆SparksTheNeo|gg\n>p1 move rapidspin\n>p2 move hyperspacefury\n>p1 switch 2\n>p1 move surgingstrikes\n>p2 move hyperspacefury\n>p2 switch 3\n>p1 move surgingstrikes\n>p2 move hornleech","uploadtime":1763184312}