{"id":"gen9natdexdraft-222","log":"|j|☆WhenSheTerapOnMyCM\n|j|☆anzu42\n|t:|1766366923\n|gametype|singles\n|player|p1|WhenSheTerapOnMyCM|gentleman-gen4|\n|player|p2|anzu42|101|\n|gen|9\n|tier|[Gen 9] NatDex Draft\n|rule|Sleep Clause Mod: Limit one foe put to sleep\n|rule|OHKO Clause: OHKO moves are banned\n|rule|Evasion Clause: Evasion abilities, items, and moves are banned\n|rule|Evasion Abilities Clause: Evasion abilities are banned\n|rule|Evasion Items Clause: Evasion items are banned\n|rule|Evasion Moves Clause: Evasion moves are banned\n|rule|Endless Battle Clause: Forcing endless battles is banned\n|rule|HP Percentage Mod: HP is shown in percentages\n|clearpoke\n|poke|p1|Blastoise, F|\n|poke|p1|Corviknight, F|\n|poke|p1|Ogerpon-Wellspring, F|\n|poke|p1|Dragapult, F|\n|poke|p1|Clodsire, F|\n|poke|p1|Regigigas|\n|poke|p2|Greninja-*, F|\n|poke|p2|Spectrier|\n|poke|p2|Mandibuzz, F|\n|poke|p2|Porygon2|\n|poke|p2|Infernape, F|\n|poke|p2|Mew|\n|teampreview\n|c|☆anzu42|glhf\n|c|☆WhenSheTerapOnMyCM|u 2\n|c|☆WhenSheTerapOnMyCM|Where do we post live link?\n|c|☆WhenSheTerapOnMyCM|nvm found it \n|j| AeroXI\n|j| umbreoffxd\n|j| ZebstrikemDown\n|j| b1in\n|\n|t:|1766367100\n|teamsize|p1|6\n|teamsize|p2|6\n|start\n|switch|p1a: Dragapult|Dragapult, F|100/100\n|switch|p2a: Aleister|Mew|100/100\n|turn|1\n|c| b1in|joins funny new mega league... leaves funny new mega at home\n|\n|t:|1766367165\n|switch|p2a: Zecrowolfs|Mandibuzz, F|100/100\n|move|p1a: Dragapult|U-turn|p2a: Zecrowolfs\n|-damage|p2a: Zecrowolfs|91/100\n|\n|t:|1766367177\n|switch|p1a: Clodsire|Clodsire, F|100/100|[from] U-turn\n|\n|upkeep\n|turn|2\n|\n|t:|1766367192\n|move|p2a: Zecrowolfs|U-turn|p1a: Clodsire\n|-resisted|p1a: Clodsire\n|-damage|p1a: Clodsire|94/100\n|\n|t:|1766367195\n|switch|p2a: Aleister|Mew|100/100|[from] U-turn\n|move|p1a: Clodsire|Toxic|p2a: Aleister\n|-status|p2a: Aleister|tox\n|-activate|p2a: Aleister|ability: Synchronize\n|-immune|p1a: Clodsire\n|\n|-damage|p2a: Aleister|94/100 tox|[from] psn\n|upkeep\n|turn|3\n|\n|t:|1766367204\n|move|p2a: Aleister|Spikes|p1a: Clodsire\n|-sidestart|p1: WhenSheTerapOnMyCM|Spikes\n|move|p1a: Clodsire|Stealth Rock|p2a: Aleister\n|-sidestart|p2: anzu42|move: Stealth Rock\n|\n|-damage|p2a: Aleister|82/100 tox|[from] psn\n|upkeep\n|turn|4\n|\n|t:|1766367214\n|switch|p1a: Blastoise|Blastoise, F|100/100\n|-damage|p1a: Blastoise|88/100|[from] Spikes\n|move|p2a: Aleister|Earth Power|p1a: Blastoise\n|-damage|p1a: Blastoise|67/100\n|\n|-damage|p2a: Aleister|63/100 tox|[from] psn\n|upkeep\n|turn|5\n|\n|t:|1766367252\n|switch|p2a: Ghostrick|Spectrier|100/100\n|-damage|p2a: Ghostrick|88/100|[from] Stealth Rock\n|move|p1a: Blastoise|Rain Dance|p1a: Blastoise\n|-weather|RainDance\n|\n|-weather|RainDance|[upkeep]\n|-heal|p1a: Blastoise|73/100|[from] ability: Rain Dish\n|upkeep\n|turn|6\n|\n|t:|1766367279\n|move|p2a: Ghostrick|Psychic|p1a: Blastoise\n|-damage|p1a: Blastoise|38/100\n|move|p1a: Blastoise|Scald|p2a: Ghostrick\n|-damage|p2a: Ghostrick|42/100\n|\n|-weather|RainDance|[upkeep]\n|-heal|p1a: Blastoise|44/100|[from] ability: Rain Dish\n|upkeep\n|turn|7\n|\n|t:|1766367289\n|move|p2a: Ghostrick|Shadow Ball|p1a: Blastoise\n|-damage|p1a: Blastoise|0 fnt\n|faint|p1a: Blastoise\n|-ability|p2a: Ghostrick|Grim Neigh|boost\n|-boost|p2a: Ghostrick|spa|1\n|\n|-weather|RainDance|[upkeep]\n|upkeep\n|\n|t:|1766367305\n|switch|p1a: Dragapult|Dragapult, F|100/100\n|-damage|p1a: Dragapult|88/100|[from] Spikes\n|turn|8\n|j| HonorableSeven\n|\n|t:|1766367393\n|switch|p2a: Virtual World|Porygon2|100/100\n|-damage|p2a: Virtual World|88/100|[from] Stealth Rock\n|move|p1a: Dragapult|Draco Meteor|p2a: Virtual World\n|-damage|p2a: Virtual World|49/100\n|-unboost|p1a: Dragapult|spa|2\n|\n|-weather|RainDance|[upkeep]\n|upkeep\n|turn|9\n|\n|t:|1766367407\n|switch|p1a: Regigigas|Regigigas|100/100\n|-damage|p1a: Regigigas|88/100|[from] Spikes\n|-start|p1a: Regigigas|ability: Slow Start\n|move|p2a: Virtual World|Recover|p2a: Virtual World\n|-heal|p2a: Virtual World|99/100\n|\n|-weather|RainDance|[upkeep]\n|upkeep\n|turn|10\n|\n|t:|1766367455\n|switch|p2a: Aleister|Mew|63/100 tox\n|-damage|p2a: Aleister|51/100 tox|[from] Stealth Rock\n|move|p1a: Regigigas|Knock Off|p2a: Aleister\n|-supereffective|p2a: Aleister\n|-enditem|p2a: Aleister|Colbur Berry|[eat]\n|-enditem|p2a: Aleister|Colbur Berry|[weaken]\n|-damage|p2a: Aleister|31/100 tox\n|\n|-weather|RainDance|[upkeep]\n|-damage|p2a: Aleister|25/100 tox|[from] psn\n|upkeep\n|turn|11\n|\n|t:|1766367471\n|move|p2a: Aleister|Spikes|p1a: Regigigas\n|-sidestart|p1: WhenSheTerapOnMyCM|Spikes\n|move|p1a: Regigigas|Knock Off|p2a: Aleister\n|-supereffective|p2a: Aleister\n|-damage|p2a: Aleister|1/100 tox\n|\n|-weather|RainDance|[upkeep]\n|-damage|p2a: Aleister|0 fnt|[from] psn\n|faint|p2a: Aleister\n|upkeep\n|\n|t:|1766367482\n|switch|p2a: Fire Fist|Infernape, F|100/100\n|-damage|p2a: Fire Fist|88/100|[from] Stealth Rock\n|turn|12\n|\n|t:|1766367517\n|move|p2a: Fire Fist|Close Combat|p1a: Regigigas\n|-supereffective|p1a: Regigigas\n|-damage|p1a: Regigigas|0 fnt\n|-unboost|p2a: Fire Fist|def|1\n|-unboost|p2a: Fire Fist|spd|1\n|faint|p1a: Regigigas\n|-end|p1a: Regigigas|Slow Start|[silent]\n|\n|-weather|none\n|upkeep\n|c| umbreoffxd|dude\n|c| umbreoffxd|not my goat\n|c|☆anzu42|why?????\n|c|☆WhenSheTerapOnMyCM|I was meant to live that \n|c| umbreoffxd|real\n|c|☆WhenSheTerapOnMyCM|Bro got the goob highroll unless he's banded \n|c| HonorableSeven|o/ random question\n|c| HonorableSeven|did you twave there?\n|c|☆WhenSheTerapOnMyCM|Ye\n|\n|t:|1766367570\n|switch|p1a: Dragapult|Dragapult, F|88/100\n|-damage|p1a: Dragapult|72/100|[from] Spikes\n|turn|13\n|\n|t:|1766367632\n|switch|p2a: Virtual World|Porygon2|99/100\n|-damage|p2a: Virtual World|87/100|[from] Stealth Rock\n|move|p1a: Dragapult|Draco Meteor|p2a: Virtual World\n|-damage|p2a: Virtual World|48/100\n|-unboost|p1a: Dragapult|spa|2\n|\n|upkeep\n|turn|14\n|\n|t:|1766367640\n|switch|p1a: Corviknight|Corviknight, F|100/100\n|-ability|p1a: Corviknight|Pressure\n|move|p2a: Virtual World|Recover|p2a: Virtual World\n|-heal|p2a: Virtual World|99/100\n|\n|upkeep\n|turn|15\n|\n|t:|1766367654\n|move|p1a: Corviknight|Brave Bird|p2a: Virtual World\n|-damage|p2a: Virtual World|72/100\n|-damage|p1a: Corviknight|92/100|[from] Recoil\n|move|p2a: Virtual World|Teleport|p2a: Virtual World\n|\n|t:|1766367659\n|switch|p2a: Fire Fist|Infernape, F|88/100|[from] Teleport\n|-damage|p2a: Fire Fist|76/100|[from] Stealth Rock\n|\n|upkeep\n|turn|16\n|\n|t:|1766367680\n|switch|p1a: Clodsire|Clodsire, F|94/100\n|move|p2a: Fire Fist|Flare Blitz|p1a: Clodsire\n|-damage|p1a: Clodsire|38/100\n|-damage|p2a: Fire Fist|48/100|[from] Recoil\n|\n|upkeep\n|turn|17\n|\n|t:|1766367729\n|move|p2a: Fire Fist|Flare Blitz|p1a: Clodsire\n|-damage|p1a: Clodsire|0 fnt\n|faint|p1a: Clodsire\n|-damage|p2a: Fire Fist|29/100|[from] Recoil\n|\n|upkeep\n|\n|t:|1766367735\n|switch|p1a: Ogerpon|Ogerpon-Wellspring, F|100/100\n|-damage|p1a: Ogerpon|84/100|[from] Spikes\n|turn|18\n|\n|t:|1766367793\n|switch|p2a: Zecrowolfs|Mandibuzz, F|91/100\n|move|p1a: Ogerpon|Swords Dance|p1a: Ogerpon\n|-boost|p1a: Ogerpon|atk|2\n|\n|upkeep\n|turn|19\n|\n|t:|1766367839\n|move|p1a: Ogerpon|Trailblaze|p2a: Zecrowolfs\n|-resisted|p2a: Zecrowolfs\n|-damage|p2a: Zecrowolfs|74/100\n|-boost|p1a: Ogerpon|spe|1\n|move|p2a: Zecrowolfs|Foul Play|p1a: Ogerpon\n|-damage|p1a: Ogerpon|0 fnt\n|faint|p1a: Ogerpon\n|\n|upkeep\n|\n|t:|1766367846\n|switch|p1a: Dragapult|Dragapult, F|72/100\n|-damage|p1a: Dragapult|55/100|[from] Spikes\n|turn|20\n|\n|t:|1766367890\n|move|p1a: Dragapult|Draco Meteor|p2a: Zecrowolfs\n|-damage|p2a: Zecrowolfs|0 fnt\n|-unboost|p1a: Dragapult|spa|2\n|faint|p2a: Zecrowolfs\n|\n|upkeep\n|\n|t:|1766367938\n|switch|p2a: Frog|Greninja, F|100/100\n|-damage|p2a: Frog|88/100|[from] Stealth Rock\n|turn|21\n|\n|t:|1766367947\n|detailschange|p2a: Frog|Greninja-Mega-ZA, F\n|-mega|p2a: Frog|Greninja|GreninjiteZA\n|move|p1a: Dragapult|Draco Meteor|p2a: Frog\n|-damage|p2a: Frog|23/100\n|-unboost|p1a: Dragapult|spa|2\n|move|p2a: Frog|Brutal Swing|p1a: Dragapult\n|-supereffective|p1a: Dragapult\n|-damage|p1a: Dragapult|0 fnt\n|faint|p1a: Dragapult\n|\n|upkeep\n|\n|t:|1766367954\n|switch|p1a: Corviknight|Corviknight, F|92/100\n|-ability|p1a: Corviknight|Pressure\n|turn|22\n|\n|t:|1766367980\n|move|p2a: Frog|Hydro Pump|p1a: Corviknight|[miss]\n|-miss|p2a: Frog|p1a: Corviknight\n|move|p1a: Corviknight|U-turn|p2a: Frog\n|-supereffective|p2a: Frog\n|-damage|p2a: Frog|0 fnt\n|faint|p2a: Frog\n|detailschange|p2: Frog|Greninja, F|[silent]\n|\n|upkeep\n|\n|t:|1766367986\n|switch|p2a: Fire Fist|Infernape, F|29/100\n|-damage|p2a: Fire Fist|17/100|[from] Stealth Rock\n|turn|23\n|\n|t:|1766367990\n|move|p2a: Fire Fist|Flare Blitz|p1a: Corviknight\n|-supereffective|p1a: Corviknight\n|-damage|p1a: Corviknight|0 fnt\n|-damage|p2a: Fire Fist|0 fnt|[from] item: Rocky Helmet|[of] p1a: Corviknight\n|faint|p1a: Corviknight\n|faint|p2a: Fire Fist\n|\n|win|anzu42\n|c|☆anzu42|gg\n|l| HonorableSeven\n|c|☆WhenSheTerapOnMyCM|gg\n","players":["WhenSheTerapOnMyCM","anzu42"],"format":"[Gen 9] NatDex Draft","rating":null,"private":0,"password":null,"inputlog":">version 0d0a8c252a1f8ab806681f673fdafaf34a87df55\n>start {\"formatid\":\"gen9natdexdraft\",\"seed\":\"sodium,e85bf4e7652f8516fb51e2cbca3cdfea\"}\n>player p1 {\"name\":\"WhenSheTerapOnMyCM\",\"avatar\":\"gentleman-gen4\",\"team\":\"Blastoise||DampRock|RainDish|RainDance,RapidSpin,Scald,Haze|Bold|252,,252,,4,|F||||,,,,,Water]Corviknight||RockyHelmet|Pressure|BraveBird,Roost,Uturn,BodyPress|Impish|252,4,252,,,|F||||,,,,,Flying]Ogerpon|OgerponWellspring|WellspringMask|WaterAbsorb|IvyCudgel,Trailblaze,Uturn,SwordsDance|Jolly|52,252,4,,4,196|F||||,Poison,,,,Water]Dragapult||ChoiceSpecs|Infiltrator|ShadowBall,DracoMeteor,HydroPump,Uturn|Timid|,,,252,4,252|F||||,,,,,Dragon]Clodsire||HeavyDutyBoots|Unaware|StealthRock,Toxic,HighHorsepower,Recover|Sassy|252,,4,,252,|F|,,,,,0|||,,,,,Poison]Regigigas||ChestoBerry|SlowStart|ThunderWave,KnockOff,HighHorsepower,Rest|Adamant|248,252,,,8,|N||||,,,,,Normal\",\"rating\":0}\n>player p2 {\"name\":\"anzu42\",\"avatar\":\"101\",\"team\":\"Frog|Greninja|GreninjiteZA|Torrent|GunkShot,HydroPump,BrutalSwing,IceBeam|Rash|,252,,132,,124|F||||,,,,,Water]Ghostrick|Spectrier|ColburBerry|GrimNeigh|Agility,Psychic,ShadowBall,DrainingKiss|Modest|,,36,252,,220|N|,0,,,,|||,,,,,Ghost]Zecrowolfs|Mandibuzz|HeavyDutyBoots|Overcoat|FoulPlay,Uturn,Roost,BraveBird|Impish|248,,252,,8,|F||||,,,,,Dark]Virtual World|Porygon2|Eviolite|Analytic|Recover,Teleport,Return,IceBeam|Sassy|248,,8,,252,|N||||,,,,,Normal]Fire Fist|Infernape|ExpertBelt|Blaze|FlareBlitz,CloseCombat,GunkShot,KnockOff|Jolly|48,252,,,,208|F||||,,,,,Fire]Aleister|Mew|ColburBerry|Synchronize|Spikes,Roost,EarthPower,DazzlingGleam|Timid|248,,,132,,128|N|,0,,,,|||,,,,,Psychic\",\"rating\":0}\n>chat ☆anzu42|glhf\n>chat ☆WhenSheTerapOnMyCM|u 2\n>chat ☆WhenSheTerapOnMyCM|Where do we post live link?\n>chat ☆WhenSheTerapOnMyCM|nvm found it \n>p1 team 4, 2, 3, 1, 5, 6\n>p2 team 6, 2, 3, 4, 5, 1\n>chat  b1in|joins funny new mega league... leaves funny new mega at home\n>p1 move uturn\n>p2 switch 3\n>p1 switch 5\n>p1 move toxic\n>p2 move uturn\n>p2 switch 3\n>p1 move stealthrock\n>p2 move spikes\n>p1 switch 4\n>p2 move earthpower\n>p1 move raindance\n>p2 switch 2\n>p1 move scald\n>p2 move psychic\n>p1 move scald\n>p2 move shadowball\n>p1 switch 5\n>p1 move dracometeor\n>p2 switch 4\n>p1 switch 6\n>p2 move recover\n>p1 move knockoff\n>p2 switch 2\n>p1 move knockoff\n>p2 move spikes\n>p2 switch 5\n>p1 move thunderwave\n>p2 move closecombat\n>chat  umbreoffxd|dude\n>chat  umbreoffxd|not my goat\n>chat ☆anzu42|why?????\n>chat ☆WhenSheTerapOnMyCM|I was meant to live that \n>chat  umbreoffxd|real\n>chat ☆WhenSheTerapOnMyCM|Bro got the goob highroll unless he's banded \n>chat  HonorableSeven|o/ random question\n>chat  HonorableSeven|did you twave there?\n>chat ☆WhenSheTerapOnMyCM|Ye\n>p1 switch 6\n>p1 move dracometeor\n>p2 switch 2\n>p1 switch 2\n>p2 move recover\n>p1 move bravebird\n>p2 move teleport\n>p2 switch 2\n>p1 switch 4\n>p2 move flareblitz\n>p1 move recover\n>p2 move flareblitz\n>p1 switch 3\n>p1 move swordsdance\n>p2 switch 3\n>p1 move trailblaze\n>p2 move foulplay\n>p1 switch 2\n>p1 move dracometeor\n>p2 move foulplay\n>p2 switch 6\n>p1 move dracometeor\n>p2 move brutalswing mega\n>p1 switch 4\n>p1 move uturn\n>p2 move hydropump\n>p2 switch 3\n>p1 move roost\n>p2 move flareblitz","uploadtime":1766368003}