{"id":"gen9natdexdraft-484","log":"|j|☆wizzz7\n|j|☆thebummerr04\n|t:|1763690740\n|gametype|singles\n|player|p1|wizzz7|101|\n|player|p2|thebummerr04|169|\n|gen|9\n|tier|[Gen 9] NatDex Draft\n|rule|Tera Type Preview: Tera Types are shown at Team Preview\n|rule|Sleep Clause Mod: Limit one foe put to sleep\n|rule|OHKO Clause: OHKO moves are banned\n|rule|Evasion Clause: Evasion abilities, items, and moves are banned\n|rule|Evasion Abilities Clause: Evasion abilities are banned\n|rule|Evasion Items Clause: Evasion items are banned\n|rule|Evasion Moves Clause: Evasion moves are banned\n|rule|Endless Battle Clause: Forcing endless battles is banned\n|rule|HP Percentage Mod: HP is shown in percentages\n|raw|<div class=\"infobox\"><details class=\"readmore\" open><summary><strong>1 custom rule:</strong></summary> Tera Type Preview</details></div>\n|clearpoke\n|poke|p1|Celebi-Hell, F|\n|poke|p1|Tornadus-Therian, M|\n|poke|p1|Infernape, M|\n|poke|p1|Sinistcha|\n|poke|p1|Maushold|\n|poke|p1|Milotic-Hell, M|\n|poke|p2|Mienshao-Hoenn, F|\n|poke|p2|Chi-Yu|\n|poke|p2|Corviknight, F|\n|poke|p2|Zeraora|\n|poke|p2|Iron Drill, M|\n|poke|p2|Grafaiai, F|\n|raw|wizzz7's Tera Types:<br /><psicon pokemon=\"celebihell\" /><psicon type=\"Steel\" /> / <psicon pokemon=\"tornadustherian\" /><psicon type=\"Fire\" /> / <psicon pokemon=\"infernape\" /><psicon type=\"Stellar\" /> / <psicon pokemon=\"sinistcha\" /><psicon type=\"Grass\" /> / <psicon pokemon=\"maushold\" /><psicon type=\"Normal\" /> / <psicon pokemon=\"milotichell\" /><psicon type=\"Dragon\" />\n|raw|thebummerr04's Tera Types:<br /><psicon pokemon=\"mienshaohoenn\" /><psicon type=\"Flying\" /> / <psicon pokemon=\"chiyu\" /><psicon type=\"Dark\" /> / <psicon pokemon=\"corviknight\" /><psicon type=\"Flying\" /> / <psicon pokemon=\"zeraora\" /><psicon type=\"Electric\" /> / <psicon pokemon=\"irondrill\" /><psicon type=\"Grass\" /> / <psicon pokemon=\"grafaiai\" /><psicon type=\"Poison\" />\n|teampreview\n|c|☆thebummerr04|glhf!\n|\n|t:|1763690770\n|teamsize|p1|6\n|teamsize|p2|6\n|start\n|switch|p1a: Infernape|Infernape, M|100/100\n|switch|p2a: Zeraora|Zeraora|100/100\n|turn|1\n|\n|t:|1763690836\n|move|p1a: Infernape|U-turn|p2a: Zeraora\n|-damage|p2a: Zeraora|71/100\n|j|~SparksTheNeo\n|\n|t:|1763690863\n|switch|p1a: Celebi-Hell|Celebi-Hell, F|100/100|[from] U-turn\n|move|p2a: Zeraora|Plasma Fists|p1a: Celebi-Hell\n|-ability|p1a: Celebi-Hell|Motor Drive|boost\n|-boost|p1a: Celebi-Hell|spe|1\n|\n|upkeep\n|turn|2\n|\n|t:|1763690884\n|switch|p2a: Chi-Yu|Chi-Yu|100/100\n|-ability|p2a: Chi-Yu|Beads of Ruin\n|move|p1a: Celebi-Hell|Dazzling Gleam|p2a: Chi-Yu\n|-damage|p2a: Chi-Yu|70/100\n|\n|-heal|p2a: Chi-Yu|76/100|[from] item: Leftovers\n|upkeep\n|turn|3\n|\n|t:|1763690908\n|switch|p1a: Milotic-Hell|Milotic-Hell, M|100/100\n|move|p2a: Chi-Yu|Substitute|p2a: Chi-Yu\n|-start|p2a: Chi-Yu|Substitute\n|-damage|p2a: Chi-Yu|51/100\n|\n|-heal|p2a: Chi-Yu|57/100|[from] item: Leftovers\n|upkeep\n|turn|4\n|\n|t:|1763690918\n|detailschange|p1a: Milotic-Hell|Milotic-Mega-Hell, M\n|-mega|p1a: Milotic-Hell|Milotic-Hell|Miloticite HELL\n|-weather|PrimordialSea|[from] ability: Primordial Sea|[of] p1a: Milotic-Hell\n|move|p2a: Chi-Yu|Dark Pulse|p1a: Milotic-Hell\n|-damage|p1a: Milotic-Hell|62/100\n|cant|p1a: Milotic-Hell|flinch\n|\n|-weather|PrimordialSea|[upkeep]\n|-heal|p2a: Chi-Yu|63/100|[from] item: Leftovers\n|upkeep\n|turn|5\n|\n|t:|1763690927\n|move|p2a: Chi-Yu|Dark Pulse|p1a: Milotic-Hell\n|-damage|p1a: Milotic-Hell|24/100\n|move|p1a: Milotic-Hell|Recover|p1a: Milotic-Hell\n|-heal|p1a: Milotic-Hell|74/100\n|\n|-weather|PrimordialSea|[upkeep]\n|-heal|p2a: Chi-Yu|69/100|[from] item: Leftovers\n|upkeep\n|turn|6\n|\n|t:|1763690940\n|move|p2a: Chi-Yu|Dark Pulse|p1a: Milotic-Hell\n|-damage|p1a: Milotic-Hell|33/100\n|move|p1a: Milotic-Hell|Thunder|p2a: Chi-Yu\n|-end|p2a: Chi-Yu|Substitute\n|\n|-weather|PrimordialSea|[upkeep]\n|-heal|p2a: Chi-Yu|75/100|[from] item: Leftovers\n|upkeep\n|turn|7\n|\n|t:|1763690953\n|move|p2a: Chi-Yu|Dark Pulse|p1a: Milotic-Hell\n|-damage|p1a: Milotic-Hell|0 fnt\n|faint|p1a: Milotic-Hell\n|-weather|none\n|detailschange|p1: Milotic-Hell|Milotic-Hell, M|[silent]\n|\n|-heal|p2a: Chi-Yu|81/100|[from] item: Leftovers\n|upkeep\n|c|☆thebummerr04|huge flinch mb\n|\n|t:|1763690974\n|switch|p1a: Infernape|Infernape, M|100/100\n|turn|8\n|\n|t:|1763691006\n|switch|p2a: Grafaiai|Grafaiai, F|100/100\n|move|p1a: Infernape|U-turn|p2a: Grafaiai\n|-resisted|p2a: Grafaiai\n|-damage|p2a: Grafaiai|86/100\n|\n|t:|1763691044\n|switch|p1a: Tornadus|Tornadus-Therian, M|100/100|[from] U-turn\n|\n|-heal|p2a: Grafaiai|92/100|[from] item: Black Sludge\n|upkeep\n|turn|9\n|\n|t:|1763691051\n|switch|p1a: Celebi-Hell|Celebi-Hell, F|100/100\n|move|p2a: Grafaiai|Toxic|p1a: Celebi-Hell\n|-immune|p1a: Celebi-Hell\n|\n|-heal|p2a: Grafaiai|98/100|[from] item: Black Sludge\n|upkeep\n|turn|10\n|\n|t:|1763691058\n|switch|p1a: Tornadus|Tornadus-Therian, M|100/100\n|move|p2a: Grafaiai|Knock Off|p1a: Tornadus\n|-damage|p1a: Tornadus|75/100\n|-enditem|p1a: Tornadus|Assault Vest|[from] move: Knock Off|[of] p2a: Grafaiai\n|\n|-heal|p2a: Grafaiai|100/100|[from] item: Black Sludge\n|upkeep\n|turn|11\n|\n|t:|1763691092\n|switch|p1a: Celebi-Hell|Celebi-Hell, F|100/100\n|move|p2a: Grafaiai|Parting Shot|p1a: Celebi-Hell\n|-unboost|p1a: Celebi-Hell|atk|1\n|-unboost|p1a: Celebi-Hell|spa|1\n|\n|t:|1763691099\n|switch|p2a: Chi-Yu|Chi-Yu|81/100|[from] Parting Shot\n|-ability|p2a: Chi-Yu|Beads of Ruin\n|\n|-heal|p2a: Chi-Yu|87/100|[from] item: Leftovers\n|upkeep\n|turn|12\n|\n|t:|1763691109\n|switch|p1a: Maushold|Maushold|100/100\n|move|p2a: Chi-Yu|Substitute|p2a: Chi-Yu\n|-start|p2a: Chi-Yu|Substitute\n|-damage|p2a: Chi-Yu|63/100\n|\n|-heal|p2a: Chi-Yu|69/100|[from] item: Leftovers\n|upkeep\n|turn|13\n|\n|t:|1763691118\n|move|p1a: Maushold|Encore|p2a: Chi-Yu\n|-start|p2a: Chi-Yu|Encore\n|move|p2a: Chi-Yu|Substitute|p2a: Chi-Yu\n|-fail|p2a: Chi-Yu|move: Substitute\n|\n|-heal|p2a: Chi-Yu|75/100|[from] item: Leftovers\n|upkeep\n|turn|14\n|\n|t:|1763691123\n|switch|p2a: Corviknight|Corviknight, F|100/100\n|-ability|p2a: Corviknight|Pressure\n|move|p1a: Maushold|Thunder Wave|p2a: Corviknight\n|-status|p2a: Corviknight|par\n|\n|upkeep\n|turn|15\n|\n|t:|1763691136\n|switch|p1a: Tornadus|Tornadus-Therian, M|100/100\n|detailschange|p2a: Corviknight|Corviknight-Mega, F\n|-mega|p2a: Corviknight|Corviknight|Corviknightite\n|cant|p2a: Corviknight|par\n|\n|upkeep\n|turn|16\n|\n|t:|1763691170\n|move|p1a: Tornadus|Heat Wave|p2a: Corviknight\n|-supereffective|p2a: Corviknight\n|-damage|p2a: Corviknight|69/100 par\n|move|p2a: Corviknight|Steel Beam|p1a: Tornadus\n|-damage|p1a: Tornadus|29/100\n|-damage|p2a: Corviknight|19/100 par|[from] steelbeam\n|\n|upkeep\n|turn|17\n|c|~SparksTheNeo|steel beam holy\n|j| r6_private_ryan\n|\n|t:|1763691192\n|switch|p2a: Grafaiai|Grafaiai, F|100/100\n|move|p1a: Tornadus|Heat Wave|p2a: Grafaiai\n|-crit|p2a: Grafaiai\n|-damage|p2a: Grafaiai|67/100\n|\n|-heal|p2a: Grafaiai|74/100|[from] item: Black Sludge\n|upkeep\n|turn|18\n|\n|t:|1763691205\n|move|p1a: Tornadus|U-turn|p2a: Grafaiai\n|-resisted|p2a: Grafaiai\n|-damage|p2a: Grafaiai|64/100\n|\n|t:|1763691207\n|switch|p1a: Celebi-Hell|Celebi-Hell, F|100/100|[from] U-turn\n|move|p2a: Grafaiai|Knock Off|p1a: Celebi-Hell\n|-resisted|p1a: Celebi-Hell\n|-damage|p1a: Celebi-Hell|95/100\n|-damage|p2a: Grafaiai|47/100|[from] item: Rocky Helmet|[of] p1a: Celebi-Hell\n|-enditem|p1a: Celebi-Hell|Rocky Helmet|[from] move: Knock Off|[of] p2a: Grafaiai\n|\n|-heal|p2a: Grafaiai|53/100|[from] item: Black Sludge\n|upkeep\n|turn|19\n|\n|t:|1763691220\n|switch|p1a: Tornadus|Tornadus-Therian, M|62/100\n|move|p2a: Grafaiai|Parting Shot|p1a: Tornadus\n|-unboost|p1a: Tornadus|atk|1\n|-unboost|p1a: Tornadus|spa|1\n|\n|t:|1763691253\n|switch|p2a: Mienshao-Hoenn|Mienshao-Hoenn, F|100/100|[from] Parting Shot\n|\n|upkeep\n|turn|20\n|\n|t:|1763691265\n|switch|p1a: Celebi-Hell|Celebi-Hell, F|95/100\n|-terastallize|p2a: Mienshao-Hoenn|Flying\n|move|p2a: Mienshao-Hoenn|Flip Turn|p1a: Celebi-Hell\n|-damage|p1a: Celebi-Hell|77/100\n|\n|t:|1763691273\n|switch|p2a: Chi-Yu|Chi-Yu|75/100|[from] Flip Turn\n|-ability|p2a: Chi-Yu|Beads of Ruin\n|\n|-heal|p2a: Chi-Yu|81/100|[from] item: Leftovers\n|upkeep\n|turn|21\n|\n|t:|1763691280\n|move|p2a: Chi-Yu|Fire Blast|p1a: Celebi-Hell\n|-supereffective|p1a: Celebi-Hell\n|-damage|p1a: Celebi-Hell|0 fnt\n|faint|p1a: Celebi-Hell\n|\n|-heal|p2a: Chi-Yu|87/100|[from] item: Leftovers\n|upkeep\n|c| r6_private_ryan|These fakemon are cool\n|\n|t:|1763691289\n|switch|p1a: Infernape|Infernape, M|100/100\n|turn|22\n|\n|t:|1763691321\n|switch|p2a: Grafaiai|Grafaiai, F|53/100\n|move|p1a: Infernape|Close Combat|p2a: Grafaiai\n|-damage|p2a: Grafaiai|0 fnt\n|-unboost|p1a: Infernape|def|1\n|-unboost|p1a: Infernape|spd|1\n|faint|p2a: Grafaiai\n|\n|upkeep\n|\n|t:|1763691327\n|switch|p2a: Mienshao-Hoenn|Mienshao-Hoenn, F, tera:Flying|100/100\n|turn|23\n|\n|t:|1763691335\n|switch|p1a: Tornadus|Tornadus-Therian, M|96/100\n|move|p2a: Mienshao-Hoenn|Tera Blast|p1a: Tornadus|[anim] Tera Blast Flying\n|-damage|p1a: Tornadus|46/100\n|\n|upkeep\n|turn|24\n|c|☆thebummerr04|i agree r6_private_ryan\n|\n|t:|1763691363\n|move|p2a: Mienshao-Hoenn|Tera Blast|p1a: Tornadus|[anim] Tera Blast Flying\n|-damage|p1a: Tornadus|2/100\n|move|p1a: Tornadus|Bleakwind Storm|p2a: Mienshao-Hoenn\n|-damage|p2a: Mienshao-Hoenn|32/100\n|\n|upkeep\n|turn|25\n|c|☆thebummerr04|unfort low roll\n|\n|t:|1763691392\n|switch|p1a: Maushold|Maushold|100/100\n|move|p2a: Mienshao-Hoenn|Tera Blast|p1a: Maushold|[anim] Tera Blast Flying\n|-damage|p1a: Maushold|31/100\n|\n|upkeep\n|turn|26\n|\n|t:|1763691400\n|move|p2a: Mienshao-Hoenn|Tera Blast|p1a: Maushold|[anim] Tera Blast Flying\n|-damage|p1a: Maushold|0 fnt\n|faint|p1a: Maushold\n|\n|upkeep\n|\n|t:|1763691403\n|switch|p1a: Infernape|Infernape, M|100/100\n|turn|27\n|\n|t:|1763691429\n|switch|p2a: Corviknight|Corviknight-Mega, F|19/100 par\n|move|p1a: Infernape|Close Combat|p2a: Corviknight\n|-damage|p2a: Corviknight|0 fnt\n|-unboost|p1a: Infernape|def|1\n|-unboost|p1a: Infernape|spd|1\n|faint|p2a: Corviknight\n|detailschange|p2: Corviknight|Corviknight, F|[silent]\n|\n|upkeep\n|\n|t:|1763691438\n|switch|p2a: Iron Drill|Iron Drill, M|100/100\n|-enditem|p2a: Iron Drill|Booster Energy\n|-activate|p2a: Iron Drill|ability: Quark Drive|[fromitem]\n|-start|p2a: Iron Drill|quarkdriveatk\n|turn|28\n|\n|t:|1763691448\n|move|p1a: Infernape|Close Combat|p2a: Iron Drill\n|-supereffective|p2a: Iron Drill\n|-damage|p2a: Iron Drill|0 fnt\n|-unboost|p1a: Infernape|def|1\n|-unboost|p1a: Infernape|spd|1\n|faint|p2a: Iron Drill\n|-end|p2a: Iron Drill|Quark Drive|[silent]\n|\n|upkeep\n|\n|t:|1763691453\n|switch|p2a: Mienshao-Hoenn|Mienshao-Hoenn, F, tera:Flying|65/100\n|turn|29\n|\n|t:|1763691537\n|switch|p1a: Tornadus|Tornadus-Therian, M|35/100\n|move|p2a: Mienshao-Hoenn|Tera Blast|p1a: Tornadus|[anim] Tera Blast Flying\n|-damage|p1a: Tornadus|0 fnt\n|faint|p1a: Tornadus\n|\n|upkeep\n|\n|t:|1763691542\n|switch|p1a: Sinistcha|Sinistcha|100/100\n|turn|30\n|\n|t:|1763691576\n|switch|p2a: Chi-Yu|Chi-Yu|87/100\n|-ability|p2a: Chi-Yu|Beads of Ruin\n|switch|p1a: Infernape|Infernape, M|100/100\n|\n|-heal|p2a: Chi-Yu|93/100|[from] item: Leftovers\n|upkeep\n|turn|31\n|\n|t:|1763691587\n|switch|p2a: Zeraora|Zeraora|71/100\n|move|p1a: Infernape|Close Combat|p2a: Zeraora\n|-damage|p2a: Zeraora|0 fnt\n|-unboost|p1a: Infernape|def|1\n|-unboost|p1a: Infernape|spd|1\n|faint|p2a: Zeraora\n|\n|upkeep\n|\n|t:|1763691589\n|switch|p2a: Mienshao-Hoenn|Mienshao-Hoenn, F, tera:Flying|98/100\n|turn|32\n|\n|t:|1763691621\n|-terastallize|p1a: Infernape|Stellar\n|move|p1a: Infernape|Close Combat|p2a: Mienshao-Hoenn\n|-resisted|p2a: Mienshao-Hoenn\n|-crit|p2a: Mienshao-Hoenn\n|-damage|p2a: Mienshao-Hoenn|3/100\n|-unboost|p1a: Infernape|def|1\n|-unboost|p1a: Infernape|spd|1\n|move|p2a: Mienshao-Hoenn|Tera Blast|p1a: Infernape|[anim] Tera Blast Flying\n|-supereffective|p1a: Infernape\n|-damage|p1a: Infernape|0 fnt\n|faint|p1a: Infernape\n|\n|upkeep\n|\n|t:|1763691629\n|switch|p1a: Sinistcha|Sinistcha|100/100\n|turn|33\n|c|☆thebummerr04|wow what a crit\n|\n|t:|1763691649\n|switch|p2a: Chi-Yu|Chi-Yu|93/100\n|-ability|p2a: Chi-Yu|Beads of Ruin\n|move|p1a: Sinistcha|Strength Sap|p2a: Chi-Yu\n|-unboost|p2a: Chi-Yu|atk|1\n|\n|-heal|p2a: Chi-Yu|99/100|[from] item: Leftovers\n|upkeep\n|turn|34\n|c|☆wizzz7|gg\n|\n|t:|1763691658\n|move|p2a: Chi-Yu|Substitute|p2a: Chi-Yu\n|-start|p2a: Chi-Yu|Substitute\n|-damage|p2a: Chi-Yu|74/100\n|move|p1a: Sinistcha|Matcha Gotcha|p2a: Chi-Yu\n|-resisted|p2a: Chi-Yu\n|-activate|p2a: Chi-Yu|move: Substitute|[damage]\n|\n|-heal|p2a: Chi-Yu|80/100|[from] item: Leftovers\n|upkeep\n|turn|35\n|c|☆wizzz7|bro really?\n|\n|t:|1763691666\n|move|p2a: Chi-Yu|Dark Pulse|p1a: Sinistcha\n|-supereffective|p1a: Sinistcha\n|-enditem|p1a: Sinistcha|Colbur Berry|[eat]\n|-enditem|p1a: Sinistcha|Colbur Berry|[weaken]\n|-damage|p1a: Sinistcha|36/100\n|cant|p1a: Sinistcha|flinch\n|\n|-heal|p2a: Chi-Yu|86/100|[from] item: Leftovers\n|upkeep\n|turn|36\n|\n|t:|1763691673\n|move|p2a: Chi-Yu|Dark Pulse|p1a: Sinistcha\n|-supereffective|p1a: Sinistcha\n|-damage|p1a: Sinistcha|0 fnt\n|faint|p1a: Sinistcha\n|\n|win|thebummerr04\n|c|☆thebummerr04|gg\n","players":["wizzz7","thebummerr04"],"format":"[Gen 9] NatDex Draft","rating":null,"private":0,"password":null,"inputlog":">version fcbd19b897670a6ca2d6afcd55efaaf2b6c6cc9b\n>start {\"formatid\":\"gen9natdexdraft@@@Tera Type Preview\",\"seed\":\"sodium,a58a03eb4ed92b4b3fbf3be3a5397f12\"}\n>player p1 {\"name\":\"wizzz7\",\"avatar\":\"101\",\"team\":\"Celebi-Hell||RockyHelmet|MotorDrive|AuraSphere,DazzlingGleam,Recover,RapidSpin|Bold|248,,252,,,8|F||||,,,,,Steel]Tornadus|TornadusTherian|AssaultVest|Regenerator|BleakwindStorm,HeatWave,KnockOff,Uturn|Timid|248,,,8,,252|M||||,,,,,Fire]Infernape||ChoiceScarf|IronFist|FlareBlitz,CloseCombat,ThunderPunch,Uturn|Jolly|16,252,,,,240|M||||,,,,,Stellar]Sinistcha||ColburBerry|Heatproof|StrengthSap,MatchaGotcha,ShadowBall,CalmMind|Bold|248,,252,,8,|N|,0,,,,|||,,,,,Grass]Maushold||WideLens|Technician|PopulationBomb,ThunderWave,Encore,TidyUp|Jolly|,168,,,92,248|N||||,,,,,Normal]Milotic-Hell||MiloticiteHELL|Multiscale|Recover,Toxic,DracoMeteor,Thunder|Bold|248,,252,,8,|M|,0,,,,|||,,,,,Dragon\",\"rating\":0}\n>player p2 {\"name\":\"thebummerr04\",\"avatar\":\"169\",\"team\":\"Mienshao-Hoenn||ChoiceScarf|Regenerator|SurgingStrikes,TeraBlast,FlipTurn,CloseCombat|Jolly|40,252,,,,216|F||||,,,,,Flying]Chi-Yu||Leftovers|BeadsofRuin|NastyPlot,DarkPulse,FireBlast,Substitute|Timid|,,,252,4,252|N|,0,,,,|||,,,,,Dark]Corviknight||Corviknightite|Pressure|AirSlash,Roost,SteelBeam,NastyPlot|Modest|248,,,252,8,|F|,0,,,,|||,,,,,Flying]Zeraora||ChoiceBand|VoltAbsorb|PlasmaFists,BlazeKick,PlayRough,CloseCombat|Adamant|40,252,,,,216|N||||,,,,,Electric]Iron Drill||BoosterEnergy|QuarkDrive|PlayRough,DrillRun,RapidSpin,WoodHammer|Jolly|48,252,,,,208|M||||,,,,,Grass]Grafaiai||BlackSludge|Prankster|Toxic,PartingShot,KnockOff,Encore|Careful|252,4,,,252,|F||||,,,,,Poison\",\"rating\":0}\n>chat ☆thebummerr04|glhf!\n>p1 team 3, 2, 1, 4, 5, 6\n>p2 team 4, 2, 3, 1, 5, 6\n>p1 move uturn\n>p2 move plasmafists\n>p1 switch 3\n>p1 move dazzlinggleam\n>p2 switch 2\n>p1 switch 6\n>p2 move substitute\n>p1 move thunder mega\n>p2 move darkpulse\n>p1 move recover\n>p2 move darkpulse\n>p1 move thunder\n>p2 move darkpulse\n>p1 move thunder\n>p2 move darkpulse\n>chat ☆thebummerr04|huge flinch mb\n>p1 switch 3\n>p1 move uturn\n>p2 switch 6\n>p1 switch 2\n>p1 switch 6\n>p2 move toxic\n>p1 switch 6\n>p2 move knockoff\n>p1 switch 6\n>p2 move partingshot\n>p2 switch 6\n>p1 switch 5\n>p2 move substitute\n>p1 move encore\n>p2 move fireblast\n>p1 move thunderwave\n>p2 switch 3\n>p1 switch 6\n>p2 move steelbeam mega\n>p1 move heatwave\n>p2 move steelbeam\n>chat ~SparksTheNeo|steel beam holy\n>p1 move heatwave\n>p2 switch 6\n>p1 move uturn\n>p2 move knockoff\n>p1 switch 5\n>p1 switch 5\n>p2 move partingshot\n>p2 switch 4\n>p1 switch 5\n>p2 move flipturn terastallize\n>p2 switch 3\n>p1 move aurasphere\n>p2 move fireblast\n>chat  r6_private_ryan|These fakemon are cool\n>p1 switch 2\n>p1 move closecombat\n>p2 switch 4\n>p2 switch 3\n>p1 switch 5\n>p2 move terablast\n>chat ☆thebummerr04|i agree r6_private_ryan\n>p1 move bleakwindstorm\n>p2 move terablast\n>chat ☆thebummerr04|unfort low roll\n>p1 switch 6\n>p2 move terablast\n>p1 move populationbomb\n>p2 move terablast\n>p1 switch 5\n>p1 move closecombat\n>p2 switch 6\n>p2 switch 5\n>p1 move closecombat\n>p2 move rapidspin\n>p2 switch 6\n>p1 switch 6\n>p2 move terablast\n>p1 switch 4\n>p1 switch 6\n>p2 switch 4\n>p1 move closecombat\n>p2 switch 2\n>p2 switch 4\n>p1 move closecombat terastallize\n>p2 move terablast\n>p1 switch 6\n>chat ☆thebummerr04|wow what a crit\n>p1 move strengthsap\n>p2 switch 2\n>chat ☆wizzz7|gg\n>p1 move matchagotcha\n>p2 move substitute\n>chat ☆wizzz7|bro really?\n>p1 move shadowball\n>p2 move darkpulse\n>p1 move shadowball\n>p2 move darkpulse","uploadtime":1763691685}