{"id":"gen9natdexdraft-158","log":"|j|☆FaZe rich\n|j|☆TheScarySmoliv\n|t:|1765746926\n|gametype|singles\n|player|p1|FaZe rich|266|\n|player|p2|TheScarySmoliv|1|\n|gen|9\n|tier|[Gen 9] NatDex Draft\n|rule|Sleep Clause Mod: Limit one foe put to sleep\n|rule|OHKO Clause: OHKO moves are banned\n|rule|Evasion Clause: Evasion abilities, items, and moves are banned\n|rule|Evasion Abilities Clause: Evasion abilities are banned\n|rule|Evasion Items Clause: Evasion items are banned\n|rule|Evasion Moves Clause: Evasion moves are banned\n|rule|Endless Battle Clause: Forcing endless battles is banned\n|rule|HP Percentage Mod: HP is shown in percentages\n|clearpoke\n|poke|p1|Dragonite, M|\n|poke|p1|Donphan, F|\n|poke|p1|Deoxys-Speed|\n|poke|p1|Quaquaval, F|\n|poke|p1|Gholdengo|\n|poke|p1|Ogerpon, F|\n|poke|p2|Feraligatr, M|\n|poke|p2|Ogerpon-Cornerstone, F|\n|poke|p2|Thundurus-Therian, M|\n|poke|p2|Empoleon, F|\n|poke|p2|Gligar, M|\n|poke|p2|Slurpuff, M|\n|teampreview\n|c|☆TheScarySmoliv|glhf\n|c|☆FaZe rich|glhf\n|\n|t:|1765747002\n|teamsize|p1|6\n|teamsize|p2|6\n|start\n|switch|p1a: Deoxys|Deoxys-Speed|100/100\n|switch|p2a: Empoleon|Empoleon, F|100/100\n|-ability|p1a: Deoxys|Pressure\n|turn|1\n|\n|t:|1765747020\n|move|p1a: Deoxys|Taunt|p2a: Empoleon\n|-start|p2a: Empoleon|move: Taunt\n|cant|p2a: Empoleon|move: Taunt|Stealth Rock\n|\n|upkeep\n|turn|2\n|\n|t:|1765747032\n|move|p1a: Deoxys|Light Screen|p1a: Deoxys\n|-sidestart|p1: FaZe rich|move: Light Screen\n|move|p2a: Empoleon|Scald|p1a: Deoxys\n|-damage|p1a: Deoxys|83/100\n|-status|p1a: Deoxys|brn\n|\n|-damage|p1a: Deoxys|76/100 brn|[from] brn\n|upkeep\n|turn|3\n|\n|t:|1765747084\n|move|p1a: Deoxys|Reflect|p1a: Deoxys\n|-sidestart|p1: FaZe rich|Reflect\n|move|p2a: Empoleon|Scald|p1a: Deoxys\n|-damage|p1a: Deoxys|57/100 brn\n|\n|-damage|p1a: Deoxys|51/100 brn|[from] brn\n|-end|p2a: Empoleon|move: Taunt\n|upkeep\n|turn|4\n|\n|t:|1765747100\n|switch|p1a: Ogerpon|Ogerpon, F|100/100\n|move|p2a: Empoleon|Stealth Rock|p1a: Ogerpon\n|-sidestart|p1: FaZe rich|move: Stealth Rock\n|\n|upkeep\n|turn|5\n|\n|t:|1765747115\n|move|p1a: Ogerpon|Spikes|p2a: Empoleon\n|-sidestart|p2: TheScarySmoliv|Spikes\n|move|p2a: Empoleon|Scald|p1a: Ogerpon\n|-resisted|p1a: Ogerpon\n|-damage|p1a: Ogerpon|93/100\n|\n|upkeep\n|turn|6\n|\n|t:|1765747126\n|move|p1a: Ogerpon|Spikes|p2a: Empoleon\n|-sidestart|p2: TheScarySmoliv|Spikes\n|move|p2a: Empoleon|Scald|p1a: Ogerpon\n|-resisted|p1a: Ogerpon\n|-damage|p1a: Ogerpon|85/100\n|\n|upkeep\n|turn|7\n|\n|t:|1765747132\n|move|p1a: Ogerpon|Spikes|p2a: Empoleon\n|-sidestart|p2: TheScarySmoliv|Spikes\n|move|p2a: Empoleon|Scald|p1a: Ogerpon\n|-resisted|p1a: Ogerpon\n|-damage|p1a: Ogerpon|76/100\n|\n|upkeep\n|turn|8\n|\n|t:|1765747156\n|move|p1a: Ogerpon|Ivy Cudgel|p2a: Empoleon\n|-crit|p2a: Empoleon\n|-damage|p2a: Empoleon|32/100\n|move|p2a: Empoleon|Scald|p1a: Ogerpon\n|-resisted|p1a: Ogerpon\n|-damage|p1a: Ogerpon|68/100\n|\n|-heal|p2a: Empoleon|38/100|[from] item: Leftovers\n|upkeep\n|turn|9\n|\n|t:|1765747174\n|switch|p2a: Gligar|Gligar, M|100/100\n|move|p1a: Ogerpon|Ivy Cudgel|p2a: Gligar\n|-damage|p2a: Gligar|76/100\n|\n|-sideend|p1: FaZe rich|move: Light Screen\n|upkeep\n|turn|10\n|\n|t:|1765747191\n|switch|p1a: Gholdengo|Gholdengo|100/100\n|-damage|p1a: Gholdengo|94/100|[from] Stealth Rock\n|move|p2a: Gligar|Toxic|p1a: Gholdengo\n|-immune|p1a: Gholdengo|[from] ability: Good as Gold\n|\n|-sideend|p1: FaZe rich|Reflect\n|upkeep\n|turn|11\n|\n|t:|1765747235\n|switch|p1a: Ogerpon|Ogerpon, F|68/100\n|move|p2a: Gligar|Earthquake|p1a: Ogerpon\n|-resisted|p1a: Ogerpon\n|-damage|p1a: Ogerpon|49/100\n|\n|upkeep\n|turn|12\n|\n|t:|1765747257\n|move|p1a: Ogerpon|Encore|p2a: Gligar\n|-start|p2a: Gligar|Encore\n|move|p2a: Gligar|Earthquake|p1a: Ogerpon\n|-resisted|p1a: Ogerpon\n|-damage|p1a: Ogerpon|33/100\n|\n|upkeep\n|turn|13\n|\n|t:|1765747263\n|switch|p2a: Thundurus|Thundurus-Therian, M|100/100\n|move|p1a: Ogerpon|Ivy Cudgel|p2a: Thundurus\n|-resisted|p2a: Thundurus\n|-damage|p2a: Thundurus|67/100\n|\n|upkeep\n|turn|14\n|\n|t:|1765747280\n|move|p1a: Ogerpon|U-turn|p2a: Thundurus\n|-resisted|p2a: Thundurus\n|-damage|p2a: Thundurus|49/100\n|\n|t:|1765747297\n|switch|p1a: Gholdengo|Gholdengo|94/100|[from] U-turn\n|-damage|p1a: Gholdengo|88/100|[from] Stealth Rock\n|move|p2a: Thundurus|Sludge Bomb|p1a: Gholdengo\n|-immune|p1a: Gholdengo\n|\n|upkeep\n|turn|15\n|\n|t:|1765747305\n|move|p2a: Thundurus|Volt Switch|p1a: Gholdengo\n|-damage|p1a: Gholdengo|49/100\n|\n|t:|1765747307\n|switch|p2a: Gligar|Gligar, M|76/100|[from] Volt Switch\n|move|p1a: Gholdengo|Nasty Plot|p1a: Gholdengo\n|-boost|p1a: Gholdengo|spa|2\n|\n|upkeep\n|turn|16\n|c|☆FaZe rich|oops\n|\n|t:|1765747331\n|move|p1a: Gholdengo|Make It Rain|p2a: Gligar\n|-damage|p2a: Gligar|0 fnt\n|-unboost|p1a: Gholdengo|spa|1\n|faint|p2a: Gligar\n|\n|upkeep\n|\n|t:|1765747345\n|switch|p2a: Ogerpon|Ogerpon-Cornerstone, F|100/100\n|-damage|p2a: Ogerpon|76/100|[from] Spikes\n|turn|17\n|\n|t:|1765747368\n|move|p2a: Ogerpon|Knock Off|p1a: Gholdengo\n|-supereffective|p1a: Gholdengo\n|-damage|p1a: Gholdengo|0 fnt\n|-damage|p2a: Ogerpon|59/100|[from] item: Rocky Helmet|[of] p1a: Gholdengo\n|-enditem|p1a: Gholdengo|Rocky Helmet|[from] move: Knock Off|[of] p2a: Ogerpon\n|faint|p1a: Gholdengo\n|\n|upkeep\n|\n|t:|1765747403\n|switch|p1a: Ogerpon|Ogerpon, F|33/100\n|turn|18\n|\n|t:|1765747414\n|move|p2a: Ogerpon|Ivy Cudgel|p1a: Ogerpon|[anim] Ivy Cudgel Rock\n|-damage|p1a: Ogerpon|0 fnt\n|faint|p1a: Ogerpon\n|\n|upkeep\n|\n|t:|1765747426\n|switch|p1a: Deoxys|Deoxys-Speed|51/100 brn\n|-damage|p1a: Deoxys|38/100 brn|[from] Stealth Rock\n|-ability|p1a: Deoxys|Pressure\n|turn|19\n|\n|t:|1765747439\n|switch|p2a: Empoleon|Empoleon, F|38/100\n|-damage|p2a: Empoleon|13/100|[from] Spikes\n|move|p1a: Deoxys|Psycho Boost|p2a: Empoleon\n|-resisted|p2a: Empoleon\n|-damage|p2a: Empoleon|0 fnt\n|-unboost|p1a: Deoxys|spa|2\n|faint|p2a: Empoleon\n|\n|-damage|p1a: Deoxys|32/100 brn|[from] brn\n|upkeep\n|c|☆FaZe rich|isacked 2 mons\n|\n|t:|1765747467\n|switch|p2a: Slurpuff|Slurpuff, M|100/100\n|-damage|p2a: Slurpuff|75/100|[from] Spikes\n|turn|20\n|\n|t:|1765747472\n|move|p1a: Deoxys|Taunt|p2a: Slurpuff\n|-start|p2a: Slurpuff|move: Taunt\n|move|p2a: Slurpuff|Dazzling Gleam|p1a: Deoxys\n|-damage|p1a: Deoxys|4/100 brn\n|\n|-damage|p1a: Deoxys|0 fnt|[from] brn\n|faint|p1a: Deoxys\n|upkeep\n|\n|t:|1765747484\n|switch|p1a: Donphan|Donphan, F|100/100\n|-damage|p1a: Donphan|94/100|[from] Stealth Rock\n|turn|21\n|\n|t:|1765747501\n|switch|p2a: Thundurus|Thundurus-Therian, M|49/100\n|move|p1a: Donphan|Toxic|p2a: Thundurus\n|-status|p2a: Thundurus|tox\n|\n|-heal|p1a: Donphan|100/100|[from] item: Leftovers\n|-damage|p2a: Thundurus|43/100 tox|[from] psn\n|upkeep\n|turn|22\n|\n|t:|1765747509\n|move|p2a: Thundurus|Grass Knot|p1a: Donphan\n|-supereffective|p1a: Donphan\n|-damage|p1a: Donphan|40/100\n|move|p1a: Donphan|Ice Spinner|p2a: Thundurus\n|-supereffective|p2a: Thundurus\n|-damage|p2a: Thundurus|0 fnt\n|faint|p2a: Thundurus\n|\n|-heal|p1a: Donphan|46/100|[from] item: Leftovers\n|upkeep\n|\n|t:|1765747521\n|switch|p2a: Feraligatr|Feraligatr, M|100/100\n|-damage|p2a: Feraligatr|76/100|[from] Spikes\n|turn|23\n|\n|t:|1765747537\n|detailschange|p2a: Feraligatr|Feraligatr-Mega-ZA, M\n|-mega|p2a: Feraligatr|Feraligatr|FeraligiteZA\n|move|p2a: Feraligatr|Dragon Dance|p2a: Feraligatr\n|-boost|p2a: Feraligatr|atk|1\n|-boost|p2a: Feraligatr|spe|1\n|move|p1a: Donphan|Earthquake|p2a: Feraligatr\n|-damage|p2a: Feraligatr|41/100\n|\n|-heal|p1a: Donphan|52/100|[from] item: Leftovers\n|upkeep\n|turn|24\n|\n|t:|1765747596\n|switch|p1a: Quaquaval|Quaquaval, F|100/100\n|-damage|p1a: Quaquaval|94/100|[from] Stealth Rock\n|move|p2a: Feraligatr|Liquidation|p1a: Quaquaval\n|-resisted|p1a: Quaquaval\n|-crit|p1a: Quaquaval\n|-damage|p1a: Quaquaval|10/100\n|\n|upkeep\n|turn|25\n|\n|t:|1765747607\n|move|p2a: Feraligatr|Liquidation|p1a: Quaquaval\n|-resisted|p1a: Quaquaval\n|-damage|p1a: Quaquaval|0 fnt\n|faint|p1a: Quaquaval\n|\n|upkeep\n|\n|t:|1765747644\n|switch|p1a: Donphan|Donphan, F|52/100\n|-damage|p1a: Donphan|46/100|[from] Stealth Rock\n|turn|26\n|\n|t:|1765747648\n|move|p2a: Feraligatr|Liquidation|p1a: Donphan\n|-supereffective|p1a: Donphan\n|-damage|p1a: Donphan|0 fnt\n|faint|p1a: Donphan\n|\n|upkeep\n|\n|t:|1765747654\n|switch|p1a: Dragonite|Dragonite, M|100/100\n|-damage|p1a: Dragonite|76/100|[from] Stealth Rock\n|turn|27\n|\n|t:|1765747659\n|detailschange|p1a: Dragonite|Dragonite-Mega-ZA, M\n|-mega|p1a: Dragonite|Dragonite|DragoniniteZA\n|move|p2a: Feraligatr|Outrage|p1a: Dragonite\n|-supereffective|p1a: Dragonite\n|-damage|p1a: Dragonite|0 fnt\n|faint|p1a: Dragonite\n|detailschange|p1: Dragonite|Dragonite, M|[silent]\n|\n|win|TheScarySmoliv\n|c|☆TheScarySmoliv|gg\n","players":["FaZe rich","TheScarySmoliv"],"format":"[Gen 9] NatDex Draft","rating":null,"private":0,"password":null,"inputlog":">version 5be251e737a9732efaea60679884b283782d8959\n>start {\"formatid\":\"gen9natdexdraft\",\"seed\":\"sodium,0ef8b1420603feb23ab443497676059e\"}\n>player p1 {\"name\":\"FaZe rich\",\"avatar\":\"266\",\"team\":\"Dragonite||DragoniniteZA|Multiscale|Earthquake,DragonDance,IceBeam,DracoMeteor|Hasty|,100,,,156,252|M||||,,,,,Dragon]Donphan||Leftovers|Sturdy|Earthquake,IceSpinner,Toxic,StealthRock|Calm|252,,4,,252,|F||||,,,,,Ground]Deoxys|DeoxysSpeed|LightClay|Pressure|PsychoBoost,Taunt,LightScreen,Reflect|Timid|252,,,40,,216|N|,0,,,,|||,,,,,Psychic]Quaquaval||AssaultVest|Moxie|AquaStep,CloseCombat,KnockOff,RapidSpin|Adamant|,252,4,,,252|F||||,,,,,Water]Gholdengo||RockyHelmet|GoodasGold|MakeItRain,ShadowBall,Recover,NastyPlot|Bold|252,,160,,24,72|N|,0,,,,|||,,,,,Steel]Ogerpon||HeavyDutyBoots|Defiant|IvyCudgel,Spikes,Encore,Uturn|Jolly|,216,,,40,252|F||||,Poison,,,,Grass\",\"rating\":0}\n>player p2 {\"name\":\"TheScarySmoliv\",\"avatar\":\"1\",\"team\":\"Feraligatr||FeraligiteZA|Torrent|Outrage,Liquidation,Earthquake,DragonDance|Adamant|12,252,,,,244|M||||,,,,,Water]Ogerpon|OgerponCornerstone|CornerstoneMask|Sturdy|IvyCudgel,HornLeech,KnockOff,SwordsDance|Jolly|,252,,,4,252|F||||,Poison,,,,Rock]Thundurus|ThundurusTherian|HeavyDutyBoots|VoltAbsorb|Discharge,SludgeBomb,GrassKnot,VoltSwitch|Timid|8,,,252,,248|M|,0,,,,|||,,,,,Electric]Empoleon||Leftovers|Competitive|Scald,FlipTurn,Roost,StealthRock|Sassy|252,,8,,248,|F||||,,,,,Water]Gligar||Eviolite|Immunity|Earthquake,Uturn,Roost,Toxic|Impish|252,,216,,40,|M||||,,,,,Ground]Slurpuff||SitrusBerry|Unburden|DazzlingGleam,Flamethrower,HealBell,StickyWeb|Bold|252,,248,,8,|M|,0,,,,|||,,,,,Fairy\",\"rating\":0}\n>chat ☆TheScarySmoliv|glhf\n>chat ☆FaZe rich|glhf\n>p1 team 3, 2, 1, 4, 5, 6\n>p2 team 4, 2, 3, 1, 5, 6\n>p1 move taunt\n>p2 move stealthrock\n>p1 move lightscreen\n>p2 move scald\n>p1 move reflect\n>p2 move scald\n>p1 switch 6\n>p2 move stealthrock\n>p1 move spikes\n>p2 move scald\n>p1 move spikes\n>p2 move scald\n>p1 move spikes\n>p2 move scald\n>p1 move ivycudgel\n>p2 move scald\n>p1 move ivycudgel\n>p2 switch 5\n>p1 switch 5\n>p2 move toxic\n>p1 switch 5\n>p2 move earthquake\n>p1 move encore\n>p2 move roost\n>p1 move ivycudgel\n>p2 switch 3\n>p1 move uturn\n>p2 move sludgebomb\n>p1 switch 5\n>p1 move nastyplot\n>p2 move voltswitch\n>p2 switch 3\n>chat ☆FaZe rich|oops\n>p1 move makeitrain\n>p2 move earthquake\n>p2 switch 2\n>p1 move recover\n>p2 move knockoff\n>p1 switch 5\n>p1 move ivycudgel\n>p2 move ivycudgel\n>p1 switch 6\n>p1 move psychoboost\n>p2 switch 5\n>chat ☆FaZe rich|isacked 2 mons\n>p2 switch 6\n>p1 move taunt\n>p2 move dazzlinggleam\n>p1 switch 2\n>p1 move toxic\n>p2 switch 3\n>p1 move icespinner\n>p2 move grassknot\n>p2 switch 4\n>p1 move earthquake\n>p2 move dragondance mega\n>p1 switch 4\n>p2 move liquidation\n>p1 move aquastep\n>p2 move liquidation\n>p1 switch 4\n>p1 move earthquake\n>p2 move liquidation\n>p1 switch 3\n>p1 move dracometeor mega\n>p2 move outrage","uploadtime":1765747666}