{"id":"gen9natdexdraft-528","log":"|j|☆staygexxed\n|j|☆Kfp4\n|t:|1768773067\n|gametype|singles\n|player|p1|staygexxed|169|\n|player|p2|Kfp4|101|\n|gen|9\n|tier|[Gen 9] NatDex Draft\n|rule|Sleep Clause Mod: Limit one foe put to sleep\n|rule|OHKO Clause: OHKO moves are banned\n|rule|Evasion Clause: Evasion abilities, items, and moves are banned\n|rule|Evasion Abilities Clause: Evasion abilities are banned\n|rule|Evasion Items Clause: Evasion items are banned\n|rule|Evasion Moves Clause: Evasion moves are banned\n|rule|Endless Battle Clause: Forcing endless battles is banned\n|rule|HP Percentage Mod: HP is shown in percentages\n|clearpoke\n|poke|p1|Skarmory, F|\n|poke|p1|Terapagos, M|\n|poke|p1|Raging Bolt|\n|poke|p1|Deoxys-Speed|\n|poke|p1|Alomomola, F|\n|poke|p1|Conkeldurr, M|\n|poke|p2|Iron Valiant|\n|poke|p2|Rotom|\n|poke|p2|Garchomp, M|\n|poke|p2|Dudunsparce-*, F|\n|poke|p2|Arcanine-Hisui, F|\n|poke|p2|Scizor, F|\n|teampreview\n|c|☆Kfp4|Glhf!\n|l|☆staygexxed\n|player|p1|\n|j|☆staygexxed\n|player|p1|staygexxed|169|\n|l|☆Kfp4\n|player|p2|\n|\n|t:|1768773129\n|teamsize|p1|6\n|teamsize|p2|6\n|start\n|switch|p1a: Deoxys|Deoxys-Speed|100/100\n|switch|p2a: Scizor|Scizor, F|100/100\n|-ability|p1a: Deoxys|Pressure\n|turn|1\n|j|☆Kfp4\n|player|p2|Kfp4|101|\n|\n|t:|1768773154\n|detailschange|p2a: Scizor|Scizor-Mega, F\n|-mega|p2a: Scizor|Scizor|Scizorite\n|move|p1a: Deoxys|Fire Punch|p2a: Scizor\n|-supereffective|p2a: Scizor\n|-damage|p2a: Scizor|33/100\n|move|p2a: Scizor|Bug Bite|p1a: Deoxys\n|-supereffective|p1a: Deoxys\n|-enditem|p1a: Deoxys|Focus Sash\n|-damage|p1a: Deoxys|1/100\n|\n|upkeep\n|turn|2\n|\n|t:|1768773169\n|switch|p1a: Conkeldurr|Conkeldurr, M|100/100\n|move|p2a: Scizor|Roost|p2a: Scizor\n|-heal|p2a: Scizor|83/100\n|-singleturn|p2a: Scizor|move: Roost\n|\n|-status|p1a: Conkeldurr|brn|[from] item: Flame Orb\n|upkeep\n|turn|3\n|\n|t:|1768773181\n|switch|p2a: Rotom|Rotom|100/100\n|move|p1a: Conkeldurr|Drain Punch|p2a: Rotom\n|-immune|p2a: Rotom\n|\n|-damage|p1a: Conkeldurr|94/100 brn|[from] brn\n|upkeep\n|turn|4\n|\n|t:|1768773189\n|move|p2a: Rotom|Volt Switch|p1a: Conkeldurr\n|-damage|p1a: Conkeldurr|68/100 brn\n|\n|t:|1768773192\n|switch|p2a: Scizor|Scizor-Mega, F|83/100|[from] Volt Switch\n|move|p1a: Conkeldurr|Knock Off|p2a: Scizor\n|-damage|p2a: Scizor|56/100\n|\n|-damage|p1a: Conkeldurr|62/100 brn|[from] brn\n|upkeep\n|turn|5\n|\n|t:|1768773206\n|switch|p2a: Rotom|Rotom|100/100\n|move|p1a: Conkeldurr|Knock Off|p2a: Rotom\n|-supereffective|p2a: Rotom\n|-damage|p2a: Rotom|0 fnt\n|-enditem|p2a: Rotom|Leftovers|[from] move: Knock Off|[of] p1a: Conkeldurr\n|faint|p2a: Rotom\n|\n|-damage|p1a: Conkeldurr|56/100 brn|[from] brn\n|upkeep\n|\n|t:|1768773209\n|switch|p2a: Iron Valiant|Iron Valiant|100/100\n|turn|6\n|\n|t:|1768773222\n|move|p1a: Conkeldurr|Mach Punch|p2a: Iron Valiant\n|-resisted|p2a: Iron Valiant\n|-damage|p2a: Iron Valiant|78/100\n|move|p2a: Iron Valiant|Close Combat|p1a: Conkeldurr\n|-damage|p1a: Conkeldurr|0 fnt\n|-unboost|p2a: Iron Valiant|def|1\n|-unboost|p2a: Iron Valiant|spd|1\n|faint|p1a: Conkeldurr\n|\n|upkeep\n|\n|t:|1768773231\n|switch|p1a: Deoxys|Deoxys-Speed|1/100\n|-ability|p1a: Deoxys|Pressure\n|turn|7\n|\n|t:|1768773237\n|-end|p2a: Iron Valiant|Quark Drive|[silent]\n|switch|p2a: Scizor|Scizor-Mega, F|56/100\n|move|p1a: Deoxys|Psycho Boost|p2a: Scizor\n|-resisted|p2a: Scizor\n|-damage|p2a: Scizor|25/100\n|-unboost|p1a: Deoxys|spa|2\n|\n|upkeep\n|turn|8\n|\n|t:|1768773243\n|move|p2a: Scizor|Bullet Punch|p1a: Deoxys\n|-damage|p1a: Deoxys|0 fnt\n|faint|p1a: Deoxys\n|\n|upkeep\n|\n|t:|1768773251\n|switch|p1a: Raging Bolt|Raging Bolt|100/100\n|turn|9\n|\n|t:|1768773265\n|move|p2a: Scizor|Bug Bite|p1a: Raging Bolt\n|-damage|p1a: Raging Bolt|52/100\n|-enditem|p1a: Raging Bolt|Shuca Berry|[from] stealeat|[move] Bug Bite|[of] p2a: Scizor\n|move|p1a: Raging Bolt|Thunderbolt|p2a: Scizor\n|-damage|p2a: Scizor|0 fnt\n|faint|p2a: Scizor\n|detailschange|p2: Scizor|Scizor, F|[silent]\n|\n|upkeep\n|\n|t:|1768773270\n|switch|p2a: Garchomp|Garchomp, M|100/100\n|turn|10\n|\n|t:|1768773278\n|move|p2a: Garchomp|Spikes|p1a: Raging Bolt\n|-sidestart|p1: staygexxed|Spikes\n|move|p1a: Raging Bolt|Draco Meteor|p2a: Garchomp\n|-supereffective|p2a: Garchomp\n|-damage|p2a: Garchomp|0 fnt\n|-unboost|p1a: Raging Bolt|spa|2\n|faint|p2a: Garchomp\n|\n|upkeep\n|\n|t:|1768773281\n|switch|p2a: Iron Valiant|Iron Valiant|78/100\n|turn|11\n|\n|t:|1768773286\n|move|p2a: Iron Valiant|Close Combat|p1a: Raging Bolt\n|-damage|p1a: Raging Bolt|0 fnt\n|-unboost|p2a: Iron Valiant|def|1\n|-unboost|p2a: Iron Valiant|spd|1\n|faint|p1a: Raging Bolt\n|-end|p1a: Raging Bolt|Protosynthesis|[silent]\n|\n|upkeep\n|\n|t:|1768773291\n|switch|p1a: Alomomola|Alomomola, F|100/100\n|-damage|p1a: Alomomola|88/100|[from] Spikes\n|turn|12\n|\n|t:|1768773297\n|-end|p2a: Iron Valiant|Quark Drive|[silent]\n|switch|p2a: Dudunsparce|Dudunsparce, F|100/100\n|move|p1a: Alomomola|Flip Turn|p2a: Dudunsparce\n|-damage|p2a: Dudunsparce|87/100\n|\n|t:|1768773301\n|switch|p1a: Terapagos|Terapagos, M|100/100|[from] Flip Turn\n|-activate|p1a: Terapagos|ability: Tera Shift\n|detailschange|p1a: Terapagos|Terapagos-Terastal, M\n|-heal|p1a: Terapagos|100/100|[silent]\n|\n|-heal|p2a: Dudunsparce|93/100|[from] item: Leftovers\n|upkeep\n|turn|13\n|\n|t:|1768773306\n|move|p1a: Terapagos|Rapid Spin|p2a: Dudunsparce\n|-damage|p2a: Dudunsparce|81/100\n|-boost|p1a: Terapagos|spe|1\n|-sideend|p1: staygexxed|Spikes|[from] move: Rapid Spin|[of] p1a: Terapagos\n|move|p2a: Dudunsparce|Calm Mind|p2a: Dudunsparce\n|-boost|p2a: Dudunsparce|spa|1\n|-boost|p2a: Dudunsparce|spd|1\n|\n|-heal|p2a: Dudunsparce|87/100|[from] item: Leftovers\n|upkeep\n|turn|14\n|\n|t:|1768773314\n|switch|p1a: Skarmory|Skarmory, F|100/100\n|move|p2a: Dudunsparce|Calm Mind|p2a: Dudunsparce\n|-boost|p2a: Dudunsparce|spa|1\n|-boost|p2a: Dudunsparce|spd|1\n|\n|-heal|p2a: Dudunsparce|93/100|[from] item: Leftovers\n|upkeep\n|turn|15\n|\n|t:|1768773324\n|detailschange|p1a: Skarmory|Skarmory-Mega-ZA, F\n|-mega|p1a: Skarmory|Skarmory|SkarmoriteZA\n|move|p1a: Skarmory|Swords Dance|p1a: Skarmory\n|-boost|p1a: Skarmory|atk|2\n|move|p2a: Dudunsparce|Boomburst|p1a: Skarmory\n|-resisted|p1a: Skarmory\n|-damage|p1a: Skarmory|57/100\n|\n|-heal|p2a: Dudunsparce|99/100|[from] item: Leftovers\n|upkeep\n|turn|16\n|\n|t:|1768773332\n|move|p1a: Skarmory|Brave Bird|p2a: Dudunsparce\n|-damage|p2a: Dudunsparce|0 fnt\n|faint|p2a: Dudunsparce\n|-damage|p1a: Skarmory|13/100|[from] Recoil\n|\n|upkeep\n|\n|t:|1768773338\n|switch|p2a: Iron Valiant|Iron Valiant|78/100\n|turn|17\n|\n|t:|1768773350\n|move|p2a: Iron Valiant|Spirit Break|p1a: Skarmory\n|-resisted|p1a: Skarmory\n|-damage|p1a: Skarmory|0 fnt\n|faint|p1a: Skarmory\n|detailschange|p1: Skarmory|Skarmory, F|[silent]\n|\n|upkeep\n|\n|t:|1768773352\n|switch|p1a: Alomomola|Alomomola, F|100/100\n|turn|18\n|\n|t:|1768773356\n|move|p2a: Iron Valiant|Spirit Break|p1a: Alomomola\n|-damage|p1a: Alomomola|72/100\n|-unboost|p1a: Alomomola|spa|1\n|-damage|p2a: Iron Valiant|62/100|[from] item: Rocky Helmet|[of] p1a: Alomomola\n|move|p1a: Alomomola|Knock Off|p2a: Iron Valiant\n|-resisted|p2a: Iron Valiant\n|-damage|p2a: Iron Valiant|57/100\n|-enditem|p2a: Iron Valiant|Choice Band|[from] move: Knock Off|[of] p1a: Alomomola\n|\n|upkeep\n|turn|19\n|\n|t:|1768773362\n|move|p2a: Iron Valiant|Knock Off|p1a: Alomomola\n|-damage|p1a: Alomomola|55/100\n|-damage|p2a: Iron Valiant|40/100|[from] item: Rocky Helmet|[of] p1a: Alomomola\n|-enditem|p1a: Alomomola|Rocky Helmet|[from] move: Knock Off|[of] p2a: Iron Valiant\n|move|p1a: Alomomola|Wish|p1a: Alomomola\n|\n|upkeep\n|turn|20\n|\n|t:|1768773373\n|move|p2a: Iron Valiant|Close Combat|p1a: Alomomola\n|-damage|p1a: Alomomola|19/100\n|-unboost|p2a: Iron Valiant|def|1\n|-unboost|p2a: Iron Valiant|spd|1\n|move|p1a: Alomomola|Knock Off|p2a: Iron Valiant\n|-resisted|p2a: Iron Valiant\n|-crit|p2a: Iron Valiant\n|-damage|p2a: Iron Valiant|33/100\n|\n|-heal|p1a: Alomomola|69/100|[from] move: Wish|[wisher] Alomomola\n|upkeep\n|turn|21\n|\n|t:|1768773377\n|-end|p2a: Iron Valiant|Quark Drive|[silent]\n|switch|p2a: Arcanine|Arcanine-Hisui, F|100/100\n|-ability|p2a: Arcanine|Intimidate|boost\n|-unboost|p1a: Alomomola|atk|1\n|move|p1a: Alomomola|Wish|p1a: Alomomola\n|\n|upkeep\n|turn|22\n|\n|t:|1768773384\n|move|p2a: Arcanine|Head Smash|p1a: Alomomola\n|-damage|p1a: Alomomola|28/100\n|-damage|p2a: Arcanine|68/100|[from] Recoil\n|move|p1a: Alomomola|Flip Turn|p2a: Arcanine\n|-supereffective|p2a: Arcanine\n|-damage|p2a: Arcanine|18/100\n|\n|t:|1768773387\n|switch|p1a: Terapagos|Terapagos-Terastal, M|100/100|[from] Flip Turn\n|\n|upkeep\n|turn|23\n|\n|t:|1768773397\n|move|p2a: Arcanine|Stealth Rock|p1a: Terapagos\n|-sidestart|p1: staygexxed|move: Stealth Rock\n|move|p1a: Terapagos|Earth Power|p2a: Arcanine\n|-supereffective|p2a: Arcanine\n|-damage|p2a: Arcanine|0 fnt\n|faint|p2a: Arcanine\n|\n|upkeep\n|\n|t:|1768773400\n|switch|p2a: Iron Valiant|Iron Valiant|33/100\n|turn|24\n|\n|t:|1768773403\n|move|p2a: Iron Valiant|Close Combat|p1a: Terapagos\n|-activate|p1a: Terapagos|ability: Tera Shell\n|-resisted|p1a: Terapagos\n|-damage|p1a: Terapagos|77/100\n|-unboost|p2a: Iron Valiant|def|1\n|-unboost|p2a: Iron Valiant|spd|1\n|move|p1a: Terapagos|Tera Starstorm|p2a: Iron Valiant\n|-damage|p2a: Iron Valiant|0 fnt\n|faint|p2a: Iron Valiant\n|-end|p2a: Iron Valiant|Quark Drive|[silent]\n|\n|win|staygexxed\n|c|☆Kfp4|Gg\n","players":["staygexxed","Kfp4"],"format":"[Gen 9] NatDex Draft","rating":null,"private":0,"password":null,"inputlog":">version 36cf988d66dbad4151963a7bc9d9267feedacf40\n>start {\"formatid\":\"gen9natdexdraft\",\"seed\":\"sodium,ebd415a667c51afa0fb676f0254c061a\"}\n>player p1 {\"name\":\"staygexxed\",\"avatar\":\"169\",\"team\":\"Skarmory||SkarmoriteZA|WeakArmor|BraveBird,SwordsDance,Roost,Agility|Adamant|248,252,8,,,|F||||,,,,,Steel]Terapagos||HeavyDutyBoots|TeraShift|TeraStarstorm,IceBeam,EarthPower,RapidSpin|Modest|248,,,252,8,|M||||,Dark,,,,Stellar]Raging Bolt||ShucaBerry|Protosynthesis|DracoMeteor,Thunderclap,Thunderbolt,VoltSwitch|Modest|248,,,252,8,|N|,20,,,,|||,Fighting,,,,Electric]Deoxys|DeoxysSpeed|FocusSash|Pressure|FirePunch,PsychoBoost,IceBeam,Spikes|Rash|,252,4,252,,|N||||,,,,,Psychic]Alomomola||RockyHelmet|Regenerator|FlipTurn,KnockOff,Wish,Protect|Bold|248,,252,,8,|F||||,,,,,Water]Conkeldurr||FlameOrb|Guts|DrainPunch,MachPunch,KnockOff,BulkUp|Adamant|248,252,,,,|M||||,,,,,Fighting\",\"rating\":0}\n>player p2 {\"name\":\"Kfp4\",\"avatar\":\"101\",\"team\":\"Iron Valiant||ChoiceBand|QuarkDrive|CloseCombat,KnockOff,ZenHeadbutt,SpiritBreak|Jolly|,252,,,4,252|N||||,,,,,Fairy]Rotom||Leftovers|Levitate|VoltSwitch,ShadowBall,PainSplit,Toxic|Bold|252,,252,4,,|N|,0,,,,|||,,,,,Electric]Garchomp||LifeOrb|RoughSkin|FireBlast,Earthquake,Spikes,DragonTail|Naive|,252,,24,,232|M||||,,,,,Dragon]Dudunsparce||Leftovers|Rattled|CalmMind,Roost,Boomburst,EarthPower|Calm|252,,,68,188,|F|,0,,,,|||,,,,,Normal]Arcanine|ArcanineHisui|HeavyDutyBoots|Intimidate|FlareBlitz,HeadSmash,ExtremeSpeed,StealthRock|Jolly|36,252,,,4,216|F||||,,,,,Fire]Scizor||Scizorite|Technician|SwordsDance,BulletPunch,BugBite,Roost|Adamant|248,252,,,8,|F||||,,,,,Bug\",\"rating\":0}\n>chat ☆Kfp4|Glhf!\n>p1 team 4, 2, 3, 1, 5, 6\n>p2 team 6, 2, 3, 4, 5, 1\n>p1 move firepunch\n>p2 move bugbite mega\n>p1 switch 6\n>p2 move roost\n>p1 move drainpunch\n>p2 switch 2\n>p1 move knockoff\n>p2 move voltswitch\n>p2 switch 2\n>p1 move knockoff\n>p2 switch 2\n>p2 switch 6\n>p1 move machpunch\n>p2 move closecombat\n>p1 switch 6\n>p1 move psychoboost\n>p2 switch 2\n>p1 move firepunch\n>p2 move bulletpunch\n>p1 switch 3\n>p1 move thunderbolt\n>p2 move bugbite\n>p2 switch 3\n>p1 move dracometeor\n>p2 move spikes\n>p2 switch 2\n>p1 move voltswitch\n>p2 move closecombat\n>p1 switch 5\n>p1 move flipturn\n>p2 switch 4\n>p1 switch 2\n>p1 move rapidspin\n>p2 move calmmind\n>p1 switch 4\n>p2 move calmmind\n>p1 move swordsdance mega\n>p2 move boomburst\n>p1 move bravebird\n>p2 move earthpower\n>p2 switch 4\n>p1 move bravebird\n>p2 move spiritbreak\n>p1 switch 2\n>p1 move knockoff\n>p2 move spiritbreak\n>p1 move wish\n>p2 move knockoff\n>p1 move knockoff\n>p2 move closecombat\n>p1 move wish\n>p2 switch 5\n>p1 move flipturn\n>p2 move headsmash\n>p1 switch 4\n>p1 move earthpower\n>p2 move stealthrock\n>p2 switch 5\n>p1 move terastarstorm\n>p2 move closecombat","uploadtime":1768773409}