{"id":"gen9bssfactory-428","log":"|j|☆umbreonreallysucks\n|j|☆Ark64\n|t:|1763320282\n|gametype|singles\n|player|p1|umbreonreallysucks|101|\n|player|p2|Ark64|101|\n|gen|9\n|tier|[Gen 9] BSS Factory\n|rule|Species Clause: Limit one of each Pokémon\n|rule|HP Percentage Mod: HP is shown in percentages\n|rule|Sleep Clause Mod: Limit one foe put to sleep\n|rule|Illusion Level Mod: Illusion disguises the Pokémon's true level\n|\n|t:|1763320282\n|teamsize|p1|6\n|teamsize|p2|6\n|start\n|switch|p1a: Dragalge-Prime|Dragalge-Prime, L68, M|257/257\n|switch|p2a: Unown|Unown, L83|199/199\n|turn|1\n|\n|t:|1763320310\n|switch|p2a: Runerigus|Runerigus, L75, F|241/241\n|move|p1a: Dragalge-Prime|Flip Turn|p2a: Runerigus\n|-supereffective|p2a: Runerigus\n|-damage|p2a: Runerigus|205/241\n|-ability|p1a: Dragalge-Prime|Wandering Spirit|Adaptability|[from] ability: Wandering Spirit|[of] p2a: Runerigus\n|-activate|p2a: Runerigus|ability: Wandering Spirit|Adaptability|Wandering Spirit|[of] p1a: Dragalge-Prime\n|-ability|p2a: Runerigus|Adaptability|Wandering Spirit|[from] ability: Wandering Spirit\n|j|~SparksTheNeo\n|c|☆umbreonreallysucks|uh oh\n|\n|t:|1763320325\n|switch|p1a: Gholdengo-Sea|Gholdengo-Sea, L75, F|238/238|[from] Flip Turn\n|\n|upkeep\n|turn|2\n|\n|t:|1763320333\n|switch|p2a: Prinplup|Prinplup, L82, M|274/274\n|move|p1a: Gholdengo-Sea|Surf|p2a: Prinplup\n|-resisted|p2a: Prinplup\n|-damage|p2a: Prinplup|229/274\n|\n|upkeep\n|turn|3\n|j| onesilverwolf13\n|c|☆Ark64|my mons are not great lol\n|c|☆umbreonreallysucks|what is a prinplup doing here lol\\\n|\n|t:|1763320359\n|switch|p1a: Stantler|Stantler, L78, M|226/226\n|-ability|p1a: Stantler|Intimidate|boost\n|-unboost|p2a: Prinplup|atk|1\n|-ability|p2a: Prinplup|Competitive|boost\n|-boost|p2a: Prinplup|spa|2\n|move|p2a: Prinplup|Toxic|p1a: Stantler\n|-status|p1a: Stantler|tox\n|\n|-damage|p1a: Stantler|212/226 tox|[from] psn\n|upkeep\n|turn|4\n|\n|t:|1763320371\n|move|p1a: Stantler|Earthquake|p2a: Prinplup\n|-damage|p2a: Prinplup|186/274\n|move|p2a: Prinplup|Scald|p1a: Stantler\n|-damage|p1a: Stantler|34/226 tox\n|\n|-damage|p1a: Stantler|6/226 tox|[from] psn\n|upkeep\n|turn|5\n|c|☆umbreonreallysucks|THAT DID 0\n|c|☆umbreonreallysucks|WHAT\n|c|☆Ark64|evolite\n|\n|t:|1763320389\n|move|p1a: Stantler|Earthquake|p2a: Prinplup\n|-damage|p2a: Prinplup|140/274\n|move|p2a: Prinplup|Flip Turn|p1a: Stantler\n|-damage|p1a: Stantler|0 fnt\n|faint|p1a: Stantler\n|\n|t:|1763320392\n|switch|p2a: Walking Wake|Walking Wake, L75|259/259|[from] Flip Turn\n|\n|upkeep\n|c|☆umbreonreallysucks|still\n|\n|t:|1763320399\n|switch|p1a: Salazzle-Freaky-Fusi|Salazzle-Freaky-Fusion, L75, M|231/231\n|turn|6\n|\n|t:|1763320408\n|-terastallize|p2a: Walking Wake|Water\n|move|p2a: Walking Wake|Hydro Steam|p1a: Salazzle-Freaky-Fusi\n|-damage|p1a: Salazzle-Freaky-Fusi|15/231\n|move|p1a: Salazzle-Freaky-Fusi|Hyper Voice|p2a: Walking Wake\n|-damage|p2a: Walking Wake|59/259\n|-damage|p1a: Salazzle-Freaky-Fusi|0 fnt|[from] item: Life Orb\n|faint|p1a: Salazzle-Freaky-Fusi\n|\n|upkeep\n|\n|t:|1763320414\n|switch|p1a: Dragalge-Prime|Dragalge-Prime, L68, M|257/257\n|turn|7\n|\n|t:|1763320429\n|-end|p2a: Walking Wake|Protosynthesis|[silent]\n|switch|p2a: Runerigus|Runerigus, L75, F|205/241\n|-terastallize|p1a: Dragalge-Prime|Water\n|move|p1a: Dragalge-Prime|Thunderbolt|p2a: Runerigus\n|-immune|p2a: Runerigus\n|\n|upkeep\n|turn|8\n|\n|t:|1763320439\n|switch|p1a: Gholdengo-Sea|Gholdengo-Sea, L75, F|238/238\n|detailschange|p2a: Runerigus|Runerigus-Mega, L75, F\n|-mega|p2a: Runerigus|Runerigus|Runerigusite\n|-ability|p2a: Runerigus|Tablets of Ruin\n|move|p2a: Runerigus|Body Press|p1a: Gholdengo-Sea\n|-immune|p1a: Gholdengo-Sea\n|\n|upkeep\n|turn|9\n|\n|t:|1763320444\n|switch|p2a: Prinplup|Prinplup, L82, M|140/274\n|move|p1a: Gholdengo-Sea|Surf|p2a: Prinplup\n|-resisted|p2a: Prinplup\n|-damage|p2a: Prinplup|93/274\n|\n|upkeep\n|turn|10\n|\n|t:|1763320451\n|move|p1a: Gholdengo-Sea|Shadow Ball|p2a: Prinplup\n|-damage|p2a: Prinplup|9/274\n|-unboost|p2a: Prinplup|spd|1\n|-ability|p2a: Prinplup|Competitive|boost\n|-boost|p2a: Prinplup|spa|2\n|move|p2a: Prinplup|Toxic|p1a: Gholdengo-Sea\n|-immune|p1a: Gholdengo-Sea|[from] ability: Good as Gold\n|\n|upkeep\n|turn|11\n|c|☆Ark64|oh im dumb lol\n|\n|t:|1763320463\n|move|p1a: Gholdengo-Sea|Shadow Ball|p2a: Prinplup\n|-damage|p2a: Prinplup|0 fnt\n|faint|p2a: Prinplup\n|\n|upkeep\n|c|☆umbreonreallysucks|this thing is so fat\n|c|☆umbreonreallysucks|for no reason\n|\n|t:|1763320480\n|switch|p2a: Lycanroc|Lycanroc-Midnight, L80, M|301/301\n|turn|12\n|\n|t:|1763320489\n|switch|p1a: Dragalge-Prime|Dragalge-Prime, L68, M, tera:Water|257/257\n|move|p2a: Lycanroc|Sucker Punch||[still]\n|-fail|p2a: Lycanroc\n|\n|upkeep\n|turn|13\n|\n|t:|1763320497\n|switch|p2a: Unown|Unown, L83|199/199\n|move|p1a: Dragalge-Prime|Draco Meteor|p2a: Unown|[miss]\n|-miss|p1a: Dragalge-Prime|p2a: Unown\n|\n|upkeep\n|turn|14\n|c|☆umbreonreallysucks|rip\n|\n|t:|1763320506\n|move|p2a: Unown|Hidden Power|p1a: Dragalge-Prime\n|-damage|p1a: Dragalge-Prime|220/257\n|move|p1a: Dragalge-Prime|Draco Meteor|p2a: Unown|[miss]\n|-miss|p1a: Dragalge-Prime|p2a: Unown\n|\n|upkeep\n|turn|15\n|c|☆umbreonreallysucks|i need glasses\n|c|☆Ark64|this could have techically been my mega slot \n|\n|t:|1763320524\n|move|p2a: Unown|Hidden Power|p1a: Dragalge-Prime\n|-damage|p1a: Dragalge-Prime|178/257\n|move|p1a: Dragalge-Prime|Draco Meteor|p2a: Unown\n|-damage|p2a: Unown|0 fnt\n|-unboost|p1a: Dragalge-Prime|spa|2\n|faint|p2a: Unown\n|\n|upkeep\n|\n|t:|1763320529\n|switch|p2a: Walking Wake|Walking Wake, L75, tera:Water|59/259\n|turn|16\n|c|☆umbreonreallysucks|should have megad it\n|\n|t:|1763320538\n|switch|p1a: Musharna|Musharna, L80, M|350/350\n|move|p2a: Walking Wake|Draco Meteor|p1a: Musharna\n|-damage|p1a: Musharna|169/350\n|-unboost|p2a: Walking Wake|spa|2\n|\n|-heal|p1a: Musharna|190/350|[from] item: Leftovers\n|upkeep\n|turn|17\n|\n|t:|1763320549\n|-end|p2a: Walking Wake|Protosynthesis|[silent]\n|switch|p2a: Runerigus|Runerigus-Mega, L75, F|205/241\n|-ability|p2a: Runerigus|Tablets of Ruin\n|move|p1a: Musharna|Moonblast|p2a: Runerigus\n|-damage|p2a: Runerigus|156/241\n|\n|-heal|p1a: Musharna|211/350|[from] item: Leftovers\n|upkeep\n|turn|18\n|\n|t:|1763320554\n|switch|p1a: Gholdengo-Sea|Gholdengo-Sea, L75, F|238/238\n|move|p2a: Runerigus|Stealth Rock|p1a: Gholdengo-Sea\n|-sidestart|p1: umbreonreallysucks|move: Stealth Rock\n|\n|upkeep\n|turn|19\n|\n|t:|1763320560\n|switch|p2a: Dustox|Dustox, L90, F|291/291\n|move|p1a: Gholdengo-Sea|Surf|p2a: Dustox\n|-damage|p2a: Dustox|216/291\n|\n|upkeep\n|turn|20\n|\n|t:|1763320567\n|switch|p1a: Wormadam|Wormadam-Sandy, L83, F|270/270\n|-damage|p1a: Wormadam|237/270|[from] Stealth Rock\n|move|p2a: Dustox|Sludge Bomb|p1a: Wormadam\n|-resisted|p1a: Wormadam\n|-damage|p1a: Wormadam|215/270\n|-status|p1a: Wormadam|psn\n|\n|-damage|p1a: Wormadam|182/270 psn|[from] psn\n|upkeep\n|turn|21\n|\n|t:|1763320572\n|move|p2a: Dustox|Sludge Bomb|p1a: Wormadam\n|-resisted|p1a: Wormadam\n|-damage|p1a: Wormadam|160/270 psn\n|move|p1a: Wormadam|Stealth Rock|p2a: Dustox\n|-sidestart|p2: Ark64|move: Stealth Rock\n|\n|-damage|p1a: Wormadam|127/270 psn|[from] psn\n|upkeep\n|turn|22\n|c|☆umbreonreallysucks|everything is fat\n|\n|t:|1763320582\n|move|p2a: Dustox|Defog|p1a: Wormadam\n|-unboost|p1a: Wormadam|evasion|1\n|-sideend|p1: umbreonreallysucks|Stealth Rock|[from] move: Defog|[of] p2a: Dustox\n|-sideend|p2: Ark64|Stealth Rock|[from] move: Defog|[of] p2a: Dustox\n|move|p1a: Wormadam|Earthquake|p2a: Dustox\n|-damage|p2a: Dustox|123/291\n|\n|-damage|p1a: Wormadam|94/270 psn|[from] psn\n|upkeep\n|turn|23\n|\n|t:|1763320601\n|switch|p1a: Gholdengo-Sea|Gholdengo-Sea, L75, F|238/238\n|move|p2a: Dustox|Roost|p2a: Dustox\n|-heal|p2a: Dustox|269/291\n|-singleturn|p2a: Dustox|move: Roost\n|\n|upkeep\n|turn|24\n|\n|t:|1763320609\n|move|p1a: Gholdengo-Sea|Nasty Plot|p1a: Gholdengo-Sea\n|-boost|p1a: Gholdengo-Sea|spa|2\n|move|p2a: Dustox|U-turn|p1a: Gholdengo-Sea\n|-resisted|p1a: Gholdengo-Sea\n|-damage|p1a: Gholdengo-Sea|213/238\n|\n|t:|1763320613\n|switch|p2a: Walking Wake|Walking Wake, L75, tera:Water|59/259|[from] U-turn\n|\n|upkeep\n|turn|25\n|\n|t:|1763320623\n|switch|p1a: Musharna|Musharna, L80, M|211/350\n|move|p2a: Walking Wake|Draco Meteor|p1a: Musharna\n|-damage|p1a: Musharna|24/350\n|-unboost|p2a: Walking Wake|spa|2\n|\n|-heal|p1a: Musharna|45/350|[from] item: Leftovers\n|upkeep\n|turn|26\n|\n|t:|1763320632\n|move|p2a: Walking Wake|Draco Meteor|p1a: Musharna\n|-damage|p1a: Musharna|0 fnt\n|-unboost|p2a: Walking Wake|spa|2\n|faint|p1a: Musharna\n|\n|upkeep\n|\n|t:|1763320635\n|switch|p1a: Gholdengo-Sea|Gholdengo-Sea, L75, F|213/238\n|turn|27\n|\n|t:|1763320646\n|-end|p2a: Walking Wake|Protosynthesis|[silent]\n|switch|p2a: Dustox|Dustox, L90, F|269/291\n|move|p1a: Gholdengo-Sea|Surf|p2a: Dustox\n|-damage|p2a: Dustox|181/291\n|\n|upkeep\n|turn|28\n|\n|t:|1763320650\n|move|p1a: Gholdengo-Sea|Nasty Plot|p1a: Gholdengo-Sea\n|-boost|p1a: Gholdengo-Sea|spa|2\n|move|p2a: Dustox|Sludge Bomb|p1a: Gholdengo-Sea\n|-resisted|p1a: Gholdengo-Sea\n|-damage|p1a: Gholdengo-Sea|183/238\n|\n|upkeep\n|turn|29\n|\n|t:|1763320656\n|move|p1a: Gholdengo-Sea|Surf|p2a: Dustox\n|-damage|p2a: Dustox|27/291\n|move|p2a: Dustox|U-turn|p1a: Gholdengo-Sea\n|-resisted|p1a: Gholdengo-Sea\n|-damage|p1a: Gholdengo-Sea|157/238\n|\n|t:|1763320660\n|switch|p2a: Lycanroc|Lycanroc-Midnight, L80, M|301/301|[from] U-turn\n|\n|upkeep\n|turn|30\n|\n|t:|1763320680\n|move|p2a: Lycanroc|Sucker Punch|p1a: Gholdengo-Sea\n|-supereffective|p1a: Gholdengo-Sea\n|-damage|p1a: Gholdengo-Sea|0 fnt\n|faint|p1a: Gholdengo-Sea\n|-damage|p2a: Lycanroc|271/301|[from] item: Life Orb\n|\n|upkeep\n|\n|t:|1763320683\n|switch|p1a: Wormadam|Wormadam-Sandy, L83, F|94/270 psn\n|turn|31\n|\n|t:|1763320690\n|move|p2a: Lycanroc|Stone Edge|p1a: Wormadam\n|-crit|p1a: Wormadam\n|-damage|p1a: Wormadam|0 fnt\n|faint|p1a: Wormadam\n|-damage|p2a: Lycanroc|241/301|[from] item: Life Orb\n|\n|upkeep\n|\n|t:|1763320692\n|switch|p1a: Dragalge-Prime|Dragalge-Prime, L68, M, tera:Water|178/257\n|turn|32\n|\n|t:|1763320711\n|move|p2a: Lycanroc|Close Combat|p1a: Dragalge-Prime\n|-damage|p1a: Dragalge-Prime|4/257\n|-unboost|p2a: Lycanroc|def|1\n|-unboost|p2a: Lycanroc|spd|1\n|-damage|p2a: Lycanroc|211/301|[from] item: Life Orb\n|move|p1a: Dragalge-Prime|Draco Meteor|p2a: Lycanroc\n|-damage|p2a: Lycanroc|0 fnt\n|-unboost|p1a: Dragalge-Prime|spa|2\n|faint|p2a: Lycanroc\n|\n|upkeep\n|\n|t:|1763320717\n|switch|p2a: Walking Wake|Walking Wake, L75, tera:Water|59/259\n|turn|33\n|\n|t:|1763320720\n|move|p2a: Walking Wake|Hydro Steam|p1a: Dragalge-Prime\n|-resisted|p1a: Dragalge-Prime\n|-damage|p1a: Dragalge-Prime|0 fnt\n|faint|p1a: Dragalge-Prime\n|\n|win|Ark64\n|c|☆Ark64|gg\n|c|☆umbreonreallysucks|gg\n","players":["umbreonreallysucks","Ark64"],"format":"[Gen 9] BSS Factory","rating":null,"private":0,"password":null,"inputlog":">version bda41b09cd31ac6b2654126193925bf16eb3bbee\n>start {\"formatid\":\"gen9bssfactory\",\"seed\":\"sodium,d32e63275707cb0fe95c8e485ef76cd2\"}\n>player p1 {\"name\":\"umbreonreallysucks\",\"avatar\":\"101\",\"rating\":0,\"seed\":\"sodium,ff187ae56ab972f4afa942aaa10474dd\"}\n>player p2 {\"name\":\"Ark64\",\"avatar\":\"101\",\"rating\":0,\"seed\":\"sodium,7e11cdd51708acb557a1e8f6d83b2ff0\"}\n>p1 move flipturn\n>p2 switch 3\n>chat ☆umbreonreallysucks|uh oh\n>p1 switch 5\n>p1 move surf\n>p2 switch 2\n>chat ☆Ark64|my mons are not great lol\n>chat ☆umbreonreallysucks|what is a prinplup doing here lol\\\n>p1 switch 4\n>p2 move toxic\n>p1 move earthquake\n>p2 move scald\n>chat ☆umbreonreallysucks|THAT DID 0\n>chat ☆umbreonreallysucks|WHAT\n>chat ☆Ark64|evolite\n>p1 move earthquake\n>p2 move flipturn\n>p2 switch 6\n>chat ☆umbreonreallysucks|still\n>p1 switch 6\n>p1 move hypervoice\n>p2 move hydrosteam terastallize\n>p1 switch 5\n>p1 move thunderbolt terastallize\n>p2 switch 2\n>p1 switch 4\n>p2 move bodypress mega\n>p1 move surf\n>p2 switch 6\n>p1 move shadowball\n>p2 move toxic\n>chat ☆Ark64|oh im dumb lol\n>p1 move shadowball\n>p2 move scald\n>chat ☆umbreonreallysucks|this thing is so fat\n>chat ☆umbreonreallysucks|for no reason\n>p2 switch 5\n>p1 switch 4\n>p2 move suckerpunch\n>p1 move dracometeor\n>p2 switch 3\n>chat ☆umbreonreallysucks|rip\n>p1 move dracometeor\n>p2 move hiddenpower\n>chat ☆umbreonreallysucks|i need glasses\n>chat ☆Ark64|this could have techically been my mega slot \n>p1 move dracometeor\n>p2 move hiddenpower\n>p2 switch 2\n>chat ☆umbreonreallysucks|should have megad it\n>p1 switch 3\n>p2 move dracometeor\n>p1 move moonblast\n>p2 switch 6\n>p1 switch 4\n>p2 move stealthrock\n>p1 move surf\n>p2 switch 4\n>p1 switch 2\n>p2 move sludgebomb\n>p1 move stealthrock\n>p2 move sludgebomb\n>chat ☆umbreonreallysucks|everything is fat\n>p1 move earthquake\n>p2 move defog\n>p1 switch 2\n>p2 move roost\n>p1 move nastyplot\n>p2 move uturn\n>p2 switch 6\n>p1 switch 4\n>p2 move dracometeor\n>p1 move yawn\n>p2 move dracometeor\n>p1 switch 4\n>p1 move surf\n>p2 switch 6\n>p1 move nastyplot\n>p2 move sludgebomb\n>p1 move surf\n>p2 move uturn\n>p2 switch 3\n>p1 move surf\n>p2 move suckerpunch\n>p1 switch 2\n>p1 move toxic\n>p2 move stoneedge\n>p1 switch 3\n>p1 move dracometeor\n>p2 move closecombat\n>p2 switch 6\n>p1 move dracometeor\n>p2 move hydrosteam","uploadtime":1763320744}