{"id":"gen9natdexdraft-254","log":"|j|☆ElysianSoul222\n|j|☆chub hub\n|t:|1762621901\n|gametype|singles\n|player|p1|ElysianSoul222|skierf|\n|player|p2|chub hub|170|\n|gen|9\n|tier|[Gen 9] NatDex Draft\n|rule|Tera Type Preview: Tera Types are shown at Team Preview\n|rule|Sleep Clause Mod: Limit one foe put to sleep\n|rule|OHKO Clause: OHKO moves are banned\n|rule|Evasion Clause: Evasion abilities, items, and moves are banned\n|rule|Evasion Abilities Clause: Evasion abilities are banned\n|rule|Evasion Items Clause: Evasion items are banned\n|rule|Evasion Moves Clause: Evasion moves are banned\n|rule|Endless Battle Clause: Forcing endless battles is banned\n|rule|HP Percentage Mod: HP is shown in percentages\n|raw|<div class=\"infobox\"><details class=\"readmore\" open><summary><strong>1 custom rule:</strong></summary> Tera Type Preview</details></div>\n|clearpoke\n|poke|p1|Melmetal|\n|poke|p1|Mandibuzz-Prime, F|\n|poke|p1|Iron Valiant|\n|poke|p1|Nidoqueen, F|\n|poke|p1|Miltank, F|\n|poke|p1|Blastoise, F|\n|poke|p2|Raging Bolt|\n|poke|p2|Basculegion-Prime, M|\n|poke|p2|Glimmora, M|\n|poke|p2|Durant-Prime, M|\n|poke|p2|Dragonite, M|\n|poke|p2|Grimmsnarl, M|\n|raw|ElysianSoul222's Tera Types:<br /><psicon pokemon=\"melmetal\" /><psicon type=\"Grass\" /> / <psicon pokemon=\"mandibuzzprime\" /><psicon type=\"Dark\" /> / <psicon pokemon=\"ironvaliant\" /><psicon type=\"Fairy\" /> / <psicon pokemon=\"nidoqueen\" /><psicon type=\"Poison\" /> / <psicon pokemon=\"miltank\" /><psicon type=\"Normal\" /> / <psicon pokemon=\"blastoise\" /><psicon type=\"Water\" />\n|raw|chub hub's Tera Types:<br /><psicon pokemon=\"ragingbolt\" /><psicon type=\"Ground\" /> / <psicon pokemon=\"basculegionprime\" /><psicon type=\"Water\" /> / <psicon pokemon=\"glimmora\" /><psicon type=\"Rock\" /> / <psicon pokemon=\"durantprime\" /><psicon type=\"Bug\" /> / <psicon pokemon=\"dragonite\" /><psicon type=\"Dragon\" /> / <psicon pokemon=\"grimmsnarl\" /><psicon type=\"Dark\" />\n|teampreview\n|c|☆ElysianSoul222|hf\n|c|☆chub hub|hf!\n|\n|t:|1762621959\n|teamsize|p1|6\n|teamsize|p2|6\n|start\n|switch|p1a: Nidoqueen|Nidoqueen, F|100/100\n|switch|p2a: Raging Bolt|Raging Bolt|100/100\n|turn|1\n|\n|t:|1762622008\n|-terastallize|p2a: Raging Bolt|Ground\n|move|p1a: Nidoqueen|Ice Beam|p2a: Raging Bolt\n|-supereffective|p2a: Raging Bolt\n|-damage|p2a: Raging Bolt|63/100\n|move|p2a: Raging Bolt|Draco Meteor|p1a: Nidoqueen\n|-damage|p1a: Nidoqueen|11/100\n|-unboost|p2a: Raging Bolt|spa|2\n|\n|-heal|p1a: Nidoqueen|17/100|[from] item: Black Sludge\n|upkeep\n|turn|2\n|\n|t:|1762622072\n|move|p1a: Nidoqueen|Stealth Rock|p2a: Raging Bolt\n|-sidestart|p2: chub hub|move: Stealth Rock\n|move|p2a: Raging Bolt|Draco Meteor|p1a: Nidoqueen|[miss]\n|-miss|p2a: Raging Bolt|p1a: Nidoqueen\n|\n|-heal|p1a: Nidoqueen|23/100|[from] item: Black Sludge\n|upkeep\n|turn|3\n|\n|t:|1762622080\n|switch|p1a: Iron Valiant|Iron Valiant|100/100\n|move|p2a: Raging Bolt|Draco Meteor|p1a: Iron Valiant\n|-immune|p1a: Iron Valiant\n|\n|upkeep\n|turn|4\n|\n|t:|1762622099\n|-end|p1a: Iron Valiant|Quark Drive|[silent]\n|switch|p1a: Blastoise|Blastoise, F|100/100\n|-end|p2a: Raging Bolt|Protosynthesis|[silent]\n|switch|p2a: Durant-Prime|Durant-Prime, M, shiny|100/100\n|-damage|p2a: Durant-Prime|88/100|[from] Stealth Rock\n|\n|upkeep\n|turn|5\n|\n|t:|1762622138\n|detailschange|p1a: Blastoise|Blastoise-Mega, F\n|-mega|p1a: Blastoise|Blastoise|Blastoisinite\n|move|p2a: Durant-Prime|U-turn|p1a: Blastoise\n|-damage|p1a: Blastoise|54/100\n|\n|t:|1762622144\n|switch|p2a: Grimmsnarl|Grimmsnarl, M, shiny|100/100|[from] U-turn\n|-damage|p2a: Grimmsnarl|88/100|[from] Stealth Rock\n|move|p1a: Blastoise|Scald|p2a: Grimmsnarl\n|-damage|p2a: Grimmsnarl|55/100\n|\n|upkeep\n|turn|6\n|\n|t:|1762622163\n|move|p2a: Grimmsnarl|Parting Shot|p1a: Blastoise\n|-unboost|p1a: Blastoise|atk|1\n|-unboost|p1a: Blastoise|spa|1\n|\n|t:|1762622203\n|switch|p2a: Durant-Prime|Durant-Prime, M, shiny|88/100|[from] Parting Shot\n|-damage|p2a: Durant-Prime|76/100|[from] Stealth Rock\n|move|p1a: Blastoise|Scald|p2a: Durant-Prime\n|-damage|p2a: Durant-Prime|36/100\n|\n|upkeep\n|turn|7\n|\n|t:|1762622277\n|switch|p1a: Miltank|Miltank, F|100/100\n|move|p2a: Durant-Prime|U-turn|p1a: Miltank\n|-damage|p1a: Miltank|65/100\n|\n|t:|1762622306\n|switch|p2a: Glimmora|Glimmora, M, shiny|100/100|[from] U-turn\n|-damage|p2a: Glimmora|88/100|[from] Stealth Rock\n|-item|p2a: Glimmora|Air Balloon\n|\n|upkeep\n|turn|8\n|\n|t:|1762622315\n|switch|p1a: Melmetal|Melmetal|100/100\n|move|p2a: Glimmora|Toxic|p1a: Melmetal\n|-status|p1a: Melmetal|tox\n|\n|-damage|p1a: Melmetal|94/100 tox|[from] psn\n|upkeep\n|turn|9\n|\n|t:|1762622359\n|switch|p2a: Basculegion-Prime|Basculegion-Prime, M, shiny|100/100\n|-damage|p2a: Basculegion-Prime|88/100|[from] Stealth Rock\n|move|p1a: Melmetal|Double Iron Bash|p2a: Basculegion-Prime\n|-resisted|p2a: Basculegion-Prime\n|-damage|p2a: Basculegion-Prime|68/100\n|-resisted|p2a: Basculegion-Prime\n|-damage|p2a: Basculegion-Prime|48/100\n|-hitcount|p2a: Basculegion-Prime|2\n|\n|-damage|p1a: Melmetal|82/100 tox|[from] psn\n|upkeep\n|turn|10\n|\n|t:|1762622392\n|switch|p1a: Blastoise|Blastoise-Mega, F|54/100\n|move|p2a: Basculegion-Prime|Close Combat|p1a: Blastoise\n|-damage|p1a: Blastoise|17/100\n|-unboost|p2a: Basculegion-Prime|def|1\n|-unboost|p2a: Basculegion-Prime|spd|1\n|\n|upkeep\n|turn|11\n|\n|t:|1762622400\n|move|p2a: Basculegion-Prime|Close Combat|p1a: Blastoise\n|-damage|p1a: Blastoise|0 fnt\n|-unboost|p2a: Basculegion-Prime|def|1\n|-unboost|p2a: Basculegion-Prime|spd|1\n|faint|p1a: Blastoise\n|detailschange|p1: Blastoise|Blastoise, F|[silent]\n|\n|upkeep\n|\n|t:|1762622407\n|switch|p1a: Iron Valiant|Iron Valiant|100/100\n|turn|12\n|\n|t:|1762622420\n|-end|p2a: Basculegion-Prime|fallenundefined|[silent]\n|switch|p2a: Durant-Prime|Durant-Prime, M, shiny|36/100\n|-damage|p2a: Durant-Prime|23/100|[from] Stealth Rock\n|move|p1a: Iron Valiant|Moonblast|p2a: Durant-Prime\n|-resisted|p2a: Durant-Prime\n|-damage|p2a: Durant-Prime|0 fnt\n|faint|p2a: Durant-Prime\n|\n|upkeep\n|\n|t:|1762622423\n|switch|p2a: Grimmsnarl|Grimmsnarl, M, shiny|55/100\n|-damage|p2a: Grimmsnarl|43/100|[from] Stealth Rock\n|turn|13\n|\n|t:|1762622438\n|-end|p1a: Iron Valiant|Quark Drive|[silent]\n|switch|p1a: Miltank|Miltank, F|65/100\n|move|p2a: Grimmsnarl|Trick|p1a: Miltank\n|-activate|p2a: Grimmsnarl|move: Trick|[of] p1a: Miltank\n|-item|p1a: Miltank|Iron Ball|[from] move: Trick\n|-item|p2a: Grimmsnarl|Chople Berry|[from] move: Trick\n|\n|upkeep\n|turn|14\n|\n|t:|1762622448\n|move|p2a: Grimmsnarl|Taunt|p1a: Miltank\n|-start|p1a: Miltank|move: Taunt\n|cant|p1a: Miltank|move: Taunt|Heal Bell\n|\n|upkeep\n|turn|15\n|\n|t:|1762622457\n|switch|p1a: Mandibuzz-Prime|Mandibuzz-Prime, F|100/100\n|move|p2a: Grimmsnarl|Parting Shot|p1a: Mandibuzz-Prime\n|-hint|Since gen 7, Dark is immune to Prankster moves.\n|-immune|p1a: Mandibuzz-Prime\n|\n|upkeep\n|turn|16\n|\n|t:|1762622464\n|switch|p1a: Miltank|Miltank, F|65/100\n|move|p2a: Grimmsnarl|Trick|p1a: Miltank\n|-activate|p2a: Grimmsnarl|move: Trick|[of] p1a: Miltank\n|-item|p1a: Miltank|Chople Berry|[from] move: Trick\n|-item|p2a: Grimmsnarl|Iron Ball|[from] move: Trick\n|\n|upkeep\n|turn|17\n|c|☆chub hub|clean\n|\n|t:|1762622476\n|move|p2a: Grimmsnarl|Taunt|p1a: Miltank\n|-start|p1a: Miltank|move: Taunt\n|move|p1a: Miltank|Body Press|p2a: Grimmsnarl\n|-crit|p2a: Grimmsnarl\n|-damage|p2a: Grimmsnarl|0 fnt\n|faint|p2a: Grimmsnarl\n|\n|upkeep\n|\n|t:|1762622491\n|switch|p2a: Glimmora|Glimmora, M, shiny|88/100\n|-damage|p2a: Glimmora|76/100|[from] Stealth Rock\n|-item|p2a: Glimmora|Air Balloon\n|turn|18\n|\n|t:|1762622502\n|switch|p1a: Melmetal|Melmetal|82/100 tox\n|move|p2a: Glimmora|Mortal Spin|p1a: Melmetal\n|-immune|p1a: Melmetal\n|\n|-damage|p1a: Melmetal|76/100 tox|[from] psn\n|upkeep\n|turn|19\n|\n|t:|1762622507\n|move|p2a: Glimmora|Earth Power|p1a: Melmetal\n|-supereffective|p1a: Melmetal\n|-damage|p1a: Melmetal|18/100 tox\n|move|p1a: Melmetal|Double Iron Bash|p2a: Glimmora\n|-supereffective|p2a: Glimmora\n|-damage|p2a: Glimmora|0 fnt\n|-enditem|p2a: Glimmora|Air Balloon\n|faint|p2a: Glimmora\n|-hitcount|p2: Glimmora|1\n|\n|-damage|p1a: Melmetal|6/100 tox|[from] psn\n|upkeep\n|\n|t:|1762622517\n|switch|p2a: Basculegion-Prime|Basculegion-Prime, M, shiny|48/100\n|-damage|p2a: Basculegion-Prime|36/100|[from] Stealth Rock\n|-activate|p2a: Basculegion-Prime|ability: Supreme Overlord\n|-start|p2a: Basculegion-Prime|fallen3|[silent]\n|turn|20\n|\n|t:|1762622538\n|move|p2a: Basculegion-Prime|Liquidation|p1a: Melmetal\n|-damage|p1a: Melmetal|0 fnt\n|faint|p1a: Melmetal\n|\n|upkeep\n|\n|t:|1762622543\n|switch|p1a: Mandibuzz-Prime|Mandibuzz-Prime, F|100/100\n|turn|21\n|\n|t:|1762622547\n|move|p2a: Basculegion-Prime|Liquidation|p1a: Mandibuzz-Prime\n|-damage|p1a: Mandibuzz-Prime|76/100\n|move|p1a: Mandibuzz-Prime|Foul Play|p2a: Basculegion-Prime\n|-supereffective|p2a: Basculegion-Prime\n|-damage|p2a: Basculegion-Prime|0 fnt\n|faint|p2a: Basculegion-Prime\n|-end|p2a: Basculegion-Prime|fallen3|[silent]\n|\n|-heal|p1a: Mandibuzz-Prime|82/100|[from] item: Leftovers\n|upkeep\n|\n|t:|1762622555\n|switch|p2a: Dragonite|Dragonite, M, shiny|100/100\n|turn|22\n|\n|t:|1762622559\n|move|p1a: Mandibuzz-Prime|Foul Play|p2a: Dragonite\n|-damage|p2a: Dragonite|87/100\n|move|p2a: Dragonite|Thunder Wave|p1a: Mandibuzz-Prime\n|-status|p1a: Mandibuzz-Prime|par\n|\n|-heal|p1a: Mandibuzz-Prime|88/100 par|[from] item: Leftovers\n|upkeep\n|turn|23\n|\n|t:|1762622567\n|move|p2a: Dragonite|Dual Wingbeat|p1a: Mandibuzz-Prime\n|-damage|p1a: Mandibuzz-Prime|80/100 par\n|-damage|p1a: Mandibuzz-Prime|72/100 par\n|-hitcount|p1a: Mandibuzz-Prime|2\n|move|p1a: Mandibuzz-Prime|Foul Play|p2a: Dragonite\n|-damage|p2a: Dragonite|57/100\n|\n|-heal|p1a: Mandibuzz-Prime|78/100 par|[from] item: Leftovers\n|upkeep\n|turn|24\n|\n|t:|1762622578\n|move|p2a: Dragonite|Roost|p2a: Dragonite\n|-heal|p2a: Dragonite|100/100\n|-singleturn|p2a: Dragonite|move: Roost\n|cant|p1a: Mandibuzz-Prime|par\n|\n|-heal|p1a: Mandibuzz-Prime|85/100 par|[from] item: Leftovers\n|upkeep\n|turn|25\n|\n|t:|1762622585\n|move|p2a: Dragonite|Dual Wingbeat|p1a: Mandibuzz-Prime\n|-damage|p1a: Mandibuzz-Prime|76/100 par\n|-damage|p1a: Mandibuzz-Prime|68/100 par\n|-hitcount|p1a: Mandibuzz-Prime|2\n|move|p1a: Mandibuzz-Prime|Foul Play|p2a: Dragonite\n|-damage|p2a: Dragonite|87/100\n|\n|-heal|p1a: Mandibuzz-Prime|74/100 par|[from] item: Leftovers\n|upkeep\n|turn|26\n|\n|t:|1762622592\n|switch|p2a: Raging Bolt|Raging Bolt, tera:Ground|63/100\n|-damage|p2a: Raging Bolt|57/100|[from] Stealth Rock\n|move|p1a: Mandibuzz-Prime|Roost|p1a: Mandibuzz-Prime\n|-heal|p1a: Mandibuzz-Prime|100/100 par\n|-singleturn|p1a: Mandibuzz-Prime|move: Roost\n|\n|upkeep\n|turn|27\n|\n|t:|1762622700\n|switch|p1a: Iron Valiant|Iron Valiant|100/100\n|move|p2a: Raging Bolt|Tera Blast|p1a: Iron Valiant|[anim] Tera Blast Ground\n|-damage|p1a: Iron Valiant|0 fnt\n|faint|p1a: Iron Valiant\n|-end|p1a: Iron Valiant|Quark Drive|[silent]\n|\n|upkeep\n|\n|t:|1762622715\n|switch|p1a: Mandibuzz-Prime|Mandibuzz-Prime, F|100/100 par\n|turn|28\n|\n|t:|1762622722\n|-end|p2a: Raging Bolt|Protosynthesis|[silent]\n|switch|p2a: Dragonite|Dragonite, M, shiny|87/100\n|move|p1a: Mandibuzz-Prime|Foul Play|p2a: Dragonite\n|-damage|p2a: Dragonite|61/100\n|\n|upkeep\n|turn|29\n|\n|t:|1762622728\n|switch|p1a: Miltank|Miltank, F|65/100\n|move|p2a: Dragonite|Roost|p2a: Dragonite\n|-heal|p2a: Dragonite|100/100\n|-singleturn|p2a: Dragonite|move: Roost\n|\n|upkeep\n|turn|30\n|\n|t:|1762622738\n|move|p1a: Miltank|Toxic|p2a: Dragonite\n|-status|p2a: Dragonite|tox\n|move|p2a: Dragonite|Dual Wingbeat|p1a: Miltank\n|-damage|p1a: Miltank|55/100\n|-damage|p1a: Miltank|45/100\n|-hitcount|p1a: Miltank|2\n|\n|-damage|p2a: Dragonite|94/100 tox|[from] psn\n|upkeep\n|turn|31\n|\n|t:|1762622746\n|move|p1a: Miltank|Milk Drink|p1a: Miltank\n|-heal|p1a: Miltank|95/100\n|move|p2a: Dragonite|Thunder Wave|p1a: Miltank\n|-status|p1a: Miltank|par\n|\n|-damage|p2a: Dragonite|82/100 tox|[from] psn\n|upkeep\n|turn|32\n|\n|t:|1762622751\n|move|p2a: Dragonite|Dual Wingbeat|p1a: Miltank\n|-damage|p1a: Miltank|84/100 par\n|-damage|p1a: Miltank|72/100 par\n|-hitcount|p1a: Miltank|2\n|move|p1a: Miltank|Heal Bell|p1a: Miltank\n|-activate|p1a: Miltank|move: Heal Bell\n|-curestatus|p1a: Miltank|par|[msg]\n|-curestatus|p1: Mandibuzz-Prime|par|[msg]\n|\n|-damage|p2a: Dragonite|63/100 tox|[from] psn\n|upkeep\n|turn|33\n|\n|t:|1762622764\n|move|p1a: Miltank|Body Press|p2a: Dragonite\n|-resisted|p2a: Dragonite\n|-damage|p2a: Dragonite|54/100 tox\n|move|p2a: Dragonite|Thunder Wave|p1a: Miltank\n|-status|p1a: Miltank|par\n|\n|-damage|p2a: Dragonite|29/100 tox|[from] psn\n|upkeep\n|turn|34\n|\n|t:|1762622773\n|switch|p2a: Raging Bolt|Raging Bolt, tera:Ground|57/100\n|-damage|p2a: Raging Bolt|51/100|[from] Stealth Rock\n|cant|p1a: Miltank|par\n|\n|upkeep\n|turn|35\n|\n|t:|1762622848\n|move|p2a: Raging Bolt|Tera Blast|p1a: Miltank|[anim] Tera Blast Ground\n|-damage|p1a: Miltank|0 fnt\n|faint|p1a: Miltank\n|\n|upkeep\n|\n|t:|1762622851\n|switch|p1a: Mandibuzz-Prime|Mandibuzz-Prime, F|100/100\n|turn|36\n|\n|t:|1762622853\n|-end|p2a: Raging Bolt|Protosynthesis|[silent]\n|switch|p2a: Dragonite|Dragonite, M, shiny|29/100 tox\n|move|p1a: Mandibuzz-Prime|Foul Play|p2a: Dragonite\n|-damage|p2a: Dragonite|0 fnt\n|faint|p2a: Dragonite\n|\n|upkeep\n|\n|t:|1762622859\n|switch|p2a: Raging Bolt|Raging Bolt, tera:Ground|51/100\n|-damage|p2a: Raging Bolt|44/100|[from] Stealth Rock\n|turn|37\n|\n|t:|1762622867\n|move|p1a: Mandibuzz-Prime|Foul Play|p2a: Raging Bolt\n|-damage|p2a: Raging Bolt|25/100\n|move|p2a: Raging Bolt|Draco Meteor|p1a: Mandibuzz-Prime\n|-crit|p1a: Mandibuzz-Prime\n|-damage|p1a: Mandibuzz-Prime|0 fnt\n|-unboost|p2a: Raging Bolt|spa|2\n|faint|p1a: Mandibuzz-Prime\n|\n|upkeep\n|\n|t:|1762622872\n|switch|p1a: Nidoqueen|Nidoqueen, F|23/100\n|turn|38\n|\n|t:|1762622875\n|move|p1a: Nidoqueen|Ice Beam|p2a: Raging Bolt\n|-supereffective|p2a: Raging Bolt\n|-damage|p2a: Raging Bolt|0 fnt\n|faint|p2a: Raging Bolt\n|-end|p2a: Raging Bolt|Protosynthesis|[silent]\n|\n|win|ElysianSoul222\n|c|☆ElysianSoul222|gg\n|c|☆chub hub|ggs\n","players":["ElysianSoul222","chub hub"],"format":"[Gen 9] NatDex Draft","rating":null,"private":0,"password":null,"inputlog":">version ca683b84f76c372694ea8dfc9917fe16b0ba44a0\n>start {\"formatid\":\"gen9natdexdraft@@@Tera Type Preview\",\"seed\":\"sodium,139ac59213c35f8dda1a0253b9a41c62\"}\n>player p1 {\"name\":\"ElysianSoul222\",\"avatar\":\"skierf\",\"team\":\"Melmetal||KebiaBerry|IronFist|DoubleIronBash,Earthquake,ThunderWave,ThunderPunch|Adamant|,248,,,156,104|N||||,,,,,Grass]Mandibuzz-Prime||Leftovers|ThickFat|BodyPress,Roost,FoulPlay,Whirlwind|Impish|248,,244,,,16|F|,0,,,,|||,,,,,Dark]Iron Valiant||HeavyDutyBoots|QuarkDrive|Moonblast,Encore,VacuumWave,BrickBreak|Naive|,56,,252,,200|N||||,,,,,Fairy]Nidoqueen||BlackSludge|SheerForce|EarthPower,IceBeam,Flamethrower,StealthRock|Calm|248,,,,244,16|F|,0,,,,|||,,,,,Poison]Miltank||ChopleBerry|ThickFat|HealBell,BodyPress,MilkDrink,Toxic|Impish|248,,228,,24,8|F|,0,,,,|||,,,,,Normal]Blastoise||Blastoisinite|Torrent|Scald,DarkPulse,RapidSpin,IceBeam|Modest|252,,,184,,72|F||||,,,,,Water\",\"rating\":0}\n>player p2 {\"name\":\"chub hub\",\"avatar\":\"170\",\"team\":\"Raging Bolt||ChoiceSpecs|Protosynthesis|TeraBlast,VoltSwitch,Thunderclap,DracoMeteor|Modest|248,,4,252,4,|N||||,Fighting,,,,Ground]Basculegion-Prime||ChoiceScarf|SupremeOverlord|PhantomForce,Liquidation,CloseCombat,FlipTurn|Jolly|,252,4,,,252|M||S||,,,,,Water]Glimmora||AirBalloon|Corrosion|StealthRock,EarthPower,Toxic,MortalSpin|Timid|,,4,252,,252|M||S||,,,,,Rock]Durant-Prime||ChoiceScarf|Hustle|BehemothBash,StompingTantrum,RockSlide,Uturn|Jolly|72,252,,,32,152|M||S||,,,,,Bug]Dragonite||HeavyDutyBoots|Multiscale|ThunderWave,DualWingbeat,Roost,Earthquake|Impish|248,8,252,,,|M||S||,,,,,Dragon]Grimmsnarl||IronBall|Prankster|Trick,PlayRough,PartingShot,Taunt|Careful|248,8,,,252,|M||S||,,,,,Dark\",\"rating\":0}\n>chat ☆ElysianSoul222|hf\n>chat ☆chub hub|hf!\n>p1 team 4, 2, 3, 1, 5, 6\n>p2 team 1, 2, 3, 4, 5, 6\n>p1 move icebeam\n>p2 move dracometeor terastallize\n>p1 move stealthrock\n>p2 move dracometeor\n>p1 switch 3\n>p2 move dracometeor\n>p1 switch 6\n>p2 switch 4\n>p1 move scald mega\n>p2 move uturn\n>p2 switch 6\n>p1 move scald\n>p2 move partingshot\n>p2 switch 6\n>p1 switch 5\n>p2 move uturn\n>p2 switch 3\n>p1 switch 4\n>p2 move toxic\n>p1 move doubleironbash\n>p2 switch 2\n>p1 switch 5\n>p2 move closecombat\n>p1 move darkpulse\n>p2 move closecombat\n>p1 switch 6\n>p1 move moonblast\n>p2 switch 3\n>p2 switch 6\n>p1 switch 4\n>p2 move trick\n>p1 move healbell\n>p2 move taunt\n>p1 switch 2\n>p2 move partingshot\n>p1 switch 2\n>p2 move trick\n>chat ☆chub hub|clean\n>p1 move bodypress\n>p2 move taunt\n>p2 switch 2\n>p1 switch 5\n>p2 move mortalspin\n>p1 move doubleironbash\n>p2 move earthpower\n>p2 switch 3\n>p1 move thunderpunch\n>p2 move liquidation\n>p1 switch 2\n>p1 move foulplay\n>p2 move liquidation\n>p2 switch 5\n>p1 move foulplay\n>p2 move thunderwave\n>p1 move foulplay\n>p2 move dualwingbeat\n>p1 move foulplay\n>p2 move roost\n>p1 move foulplay\n>p2 move dualwingbeat\n>p1 move roost\n>p2 switch 4\n>p1 switch 4\n>p2 move terablast\n>p1 switch 4\n>p1 move foulplay\n>p2 switch 4\n>p1 switch 5\n>p2 move roost\n>p1 move toxic\n>p2 move dualwingbeat\n>p1 move milkdrink\n>p2 move thunderwave\n>p1 move healbell\n>p2 move dualwingbeat\n>p1 move bodypress\n>p2 move thunderwave\n>p1 move healbell\n>p2 switch 4\n>p1 move bodypress\n>p2 move terablast\n>p1 switch 5\n>p1 move foulplay\n>p2 switch 4\n>p2 switch 4\n>p1 move foulplay\n>p2 move dracometeor\n>p1 switch 3\n>p1 move icebeam\n>p2 move dracometeor","uploadtime":1762622883}