{"id":"gen9natdexdraft-224","log":"|j|☆GamerNotFound2025\n|j|☆Taye101\n|t:|1766406899\n|gametype|singles\n|player|p1|GamerNotFound2025|266|\n|player|p2|Taye101|265|\n|gen|9\n|tier|[Gen 9] NatDex Draft\n|rule|Sleep Clause Mod: Limit one foe put to sleep\n|rule|OHKO Clause: OHKO moves are banned\n|rule|Evasion Clause: Evasion abilities, items, and moves are banned\n|rule|Evasion Abilities Clause: Evasion abilities are banned\n|rule|Evasion Items Clause: Evasion items are banned\n|rule|Evasion Moves Clause: Evasion moves are banned\n|rule|Endless Battle Clause: Forcing endless battles is banned\n|rule|HP Percentage Mod: HP is shown in percentages\n|clearpoke\n|poke|p1|Eelektross, F|\n|poke|p1|Incineroar, F|\n|poke|p1|Dugtrio, F|\n|poke|p1|Celesteela|\n|poke|p1|Dragapult, M|\n|poke|p1|Tentacruel, M|\n|poke|p2|Medicham, F|\n|poke|p2|Tapu Koko|\n|poke|p2|Iron Moth|\n|poke|p2|Dhelmise|\n|poke|p2|Samurott-Hisui, F|\n|poke|p2|Landorus, M|\n|teampreview\n|c|☆GamerNotFound2025|Hf\n|c|☆Taye101|GLHF\n|\n|t:|1766406982\n|teamsize|p1|6\n|teamsize|p2|6\n|start\n|switch|p1a: Eelektross|Eelektross, F|100/100\n|switch|p2a: Landorus|Landorus, M|100/100\n|turn|1\n|\n|t:|1766407010\n|move|p2a: Landorus|Taunt|p1a: Eelektross\n|-start|p1a: Eelektross|move: Taunt\n|move|p1a: Eelektross|Knock Off|p2a: Landorus\n|-damage|p2a: Landorus|71/100\n|-enditem|p2a: Landorus|Life Orb|[from] move: Knock Off|[of] p1a: Eelektross\n|\n|upkeep\n|turn|2\n|\n|t:|1766407019\n|move|p2a: Landorus|Gravity|p2a: Landorus\n|-fieldstart|move: Gravity\n|move|p1a: Eelektross|U-turn|p2a: Landorus\n|-resisted|p2a: Landorus\n|-damage|p2a: Landorus|62/100\n|\n|t:|1766407098\n|switch|p1a: Dragapult|Dragapult, M|100/100|[from] U-turn\n|\n|upkeep\n|turn|3\n|\n|t:|1766407109\n|switch|p2a: Samurott|Samurott-Hisui, F|100/100\n|move|p1a: Dragapult|Draco Meteor|p2a: Samurott\n|-damage|p2a: Samurott|58/100\n|-unboost|p1a: Dragapult|spa|2\n|\n|upkeep\n|turn|4\n|\n|t:|1766407146\n|switch|p1a: Tentacruel|Tentacruel, M|100/100\n|move|p2a: Samurott|Ceaseless Edge|p1a: Tentacruel\n|-damage|p1a: Tentacruel|75/100\n|-damage|p2a: Samurott|42/100|[from] item: Rocky Helmet|[of] p1a: Tentacruel\n|-sidestart|p1: GamerNotFound2025|Spikes\n|\n|upkeep\n|turn|5\n|\n|t:|1766407174\n|switch|p1a: Celesteela|Celesteela|100/100\n|-damage|p1a: Celesteela|88/100|[from] Spikes\n|switch|p2a: Dhelmise|Dhelmise|100/100\n|\n|upkeep\n|turn|6\n|\n|t:|1766407192\n|move|p1a: Celesteela|Substitute|p1a: Celesteela\n|-start|p1a: Celesteela|Substitute\n|-damage|p1a: Celesteela|63/100\n|move|p2a: Dhelmise|Knock Off|p1a: Celesteela\n|-activate|p1a: Celesteela|move: Substitute|[damage]\n|\n|-fieldend|move: Gravity\n|upkeep\n|turn|7\n|\n|t:|1766407229\n|switch|p2a: Tapu Koko|Tapu Koko|100/100\n|-fieldstart|move: Electric Terrain|[from] ability: Electric Surge|[of] p2a: Tapu Koko\n|move|p1a: Celesteela|Leech Seed|p2a: Tapu Koko|[miss]\n|-miss|p1a: Celesteela|p2a: Tapu Koko\n|\n|upkeep\n|turn|8\n|\n|t:|1766407241\n|move|p2a: Tapu Koko|U-turn|p1a: Celesteela\n|-resisted|p1a: Celesteela\n|-activate|p1a: Celesteela|move: Substitute|[damage]\n|\n|t:|1766407248\n|switch|p2a: Dhelmise|Dhelmise|100/100|[from] U-turn\n|move|p1a: Celesteela|Heavy Slam|p2a: Dhelmise\n|-damage|p2a: Dhelmise|69/100\n|-damage|p1a: Celesteela|47/100|[from] item: Rocky Helmet|[of] p2a: Dhelmise\n|\n|upkeep\n|turn|9\n|\n|t:|1766407263\n|switch|p1a: Incineroar|Incineroar, F|100/100\n|-damage|p1a: Incineroar|88/100|[from] Spikes\n|-ability|p1a: Incineroar|Intimidate|boost\n|-unboost|p2a: Dhelmise|atk|1\n|move|p2a: Dhelmise|Synthesis|p2a: Dhelmise\n|-heal|p2a: Dhelmise|100/100\n|\n|upkeep\n|turn|10\n|\n|t:|1766407293\n|switch|p2a: Medicham|Medicham, F|100/100\n|move|p1a: Incineroar|Knock Off|p2a: Medicham\n|-damage|p2a: Medicham|64/100\n|\n|upkeep\n|turn|11\n|\n|t:|1766407310\n|switch|p1a: Celesteela|Celesteela|47/100\n|detailschange|p2a: Medicham|Medicham-Mega, F\n|-mega|p2a: Medicham|Medicham|Medichamite\n|move|p2a: Medicham|Trailblaze|p1a: Celesteela\n|-resisted|p1a: Celesteela\n|-damage|p1a: Celesteela|42/100\n|-boost|p2a: Medicham|spe|1\n|\n|-fieldend|move: Electric Terrain\n|upkeep\n|turn|12\n|\n|t:|1766407340\n|switch|p1a: Dragapult|Dragapult, M|100/100\n|-damage|p1a: Dragapult|88/100|[from] Spikes\n|move|p2a: Medicham|Close Combat|p1a: Dragapult\n|-immune|p1a: Dragapult\n|\n|upkeep\n|turn|13\n|\n|t:|1766407348\n|switch|p2a: Tapu Koko|Tapu Koko|100/100\n|-fieldstart|move: Electric Terrain|[from] ability: Electric Surge|[of] p2a: Tapu Koko\n|move|p1a: Dragapult|Shadow Ball|p2a: Tapu Koko\n|-damage|p2a: Tapu Koko|51/100\n|\n|upkeep\n|turn|14\n|\n|t:|1766407360\n|move|p1a: Dragapult|Shadow Ball|p2a: Tapu Koko\n|-damage|p2a: Tapu Koko|0 fnt\n|faint|p2a: Tapu Koko\n|\n|upkeep\n|c|☆GamerNotFound2025|Always getting those\n|\n|t:|1766407371\n|switch|p2a: Iron Moth|Iron Moth|100/100\n|-activate|p2a: Iron Moth|ability: Quark Drive\n|-start|p2a: Iron Moth|quarkdrivespe\n|turn|15\n|\n|t:|1766407383\n|switch|p1a: Incineroar|Incineroar, F|88/100\n|-damage|p1a: Incineroar|76/100|[from] Spikes\n|-ability|p1a: Incineroar|Intimidate|boost\n|-unboost|p2a: Iron Moth|atk|1\n|move|p2a: Iron Moth|Fiery Dance|p1a: Incineroar\n|-resisted|p1a: Incineroar\n|-damage|p1a: Incineroar|67/100\n|\n|upkeep\n|turn|16\n|\n|t:|1766407393\n|-end|p2a: Iron Moth|Quark Drive|[silent]\n|switch|p2a: Landorus|Landorus, M|62/100\n|move|p1a: Incineroar|Earthquake|p2a: Landorus\n|-immune|p2a: Landorus\n|\n|upkeep\n|turn|17\n|\n|t:|1766407406\n|move|p2a: Landorus|Earth Power|p1a: Incineroar\n|-supereffective|p1a: Incineroar\n|-damage|p1a: Incineroar|27/100\n|move|p1a: Incineroar|U-turn|p2a: Landorus\n|-resisted|p2a: Landorus\n|-damage|p2a: Landorus|51/100\n|\n|t:|1766407417\n|switch|p1a: Dragapult|Dragapult, M|88/100|[from] U-turn\n|-damage|p1a: Dragapult|76/100|[from] Spikes\n|\n|-fieldend|move: Electric Terrain\n|upkeep\n|turn|18\n|\n|t:|1766407432\n|switch|p2a: Iron Moth|Iron Moth|100/100\n|move|p1a: Dragapult|Draco Meteor|p2a: Iron Moth\n|-damage|p2a: Iron Moth|45/100\n|-unboost|p1a: Dragapult|spa|2\n|\n|upkeep\n|turn|19\n|\n|t:|1766407452\n|switch|p1a: Incineroar|Incineroar, F|27/100\n|-damage|p1a: Incineroar|14/100|[from] Spikes\n|-ability|p1a: Incineroar|Intimidate|boost\n|-unboost|p2a: Iron Moth|atk|1\n|move|p2a: Iron Moth|Fiery Dance|p1a: Incineroar\n|-resisted|p1a: Incineroar\n|-damage|p1a: Incineroar|5/100\n|-boost|p2a: Iron Moth|spa|1\n|\n|upkeep\n|turn|20\n|\n|t:|1766407473\n|move|p2a: Iron Moth|Fiery Dance|p1a: Incineroar\n|-resisted|p1a: Incineroar\n|-damage|p1a: Incineroar|0 fnt\n|faint|p1a: Incineroar\n|\n|upkeep\n|\n|t:|1766407475\n|switch|p1a: Dugtrio|Dugtrio, F|100/100\n|-damage|p1a: Dugtrio|88/100|[from] Spikes\n|turn|21\n|\n|t:|1766407479\n|-end|p2a: Iron Moth|Quark Drive|[silent]\n|switch|p2a: Dhelmise|Dhelmise|100/100\n|move|p1a: Dugtrio|Earthquake|p2a: Dhelmise\n|-resisted|p2a: Dhelmise\n|-damage|p2a: Dhelmise|80/100\n|\n|upkeep\n|turn|22\n|\n|t:|1766407489\n|switch|p1a: Celesteela|Celesteela|42/100\n|move|p2a: Dhelmise|Knock Off|p1a: Celesteela\n|-damage|p1a: Celesteela|29/100\n|\n|upkeep\n|turn|23\n|c|☆GamerNotFound2025|Hahahahah nice\n|\n|t:|1766407517\n|switch|p2a: Iron Moth|Iron Moth|45/100\n|move|p1a: Celesteela|Heavy Slam|p2a: Iron Moth\n|-resisted|p2a: Iron Moth\n|-damage|p2a: Iron Moth|14/100\n|\n|upkeep\n|turn|24\n|\n|t:|1766407523\n|move|p2a: Iron Moth|Fiery Dance|p1a: Celesteela\n|-supereffective|p1a: Celesteela\n|-damage|p1a: Celesteela|0 fnt\n|faint|p1a: Celesteela\n|\n|upkeep\n|\n|t:|1766407526\n|switch|p1a: Dugtrio|Dugtrio, F|88/100\n|-damage|p1a: Dugtrio|76/100|[from] Spikes\n|turn|25\n|\n|t:|1766407535\n|-end|p2a: Iron Moth|Quark Drive|[silent]\n|switch|p2a: Dhelmise|Dhelmise|80/100\n|move|p1a: Dugtrio|Foul Play|p2a: Dhelmise\n|-supereffective|p2a: Dhelmise\n|-damage|p2a: Dhelmise|19/100\n|-damage|p1a: Dugtrio|59/100|[from] item: Rocky Helmet|[of] p2a: Dhelmise\n|\n|upkeep\n|turn|26\n|\n|t:|1766407554\n|move|p1a: Dugtrio|Foul Play|p2a: Dhelmise\n|-supereffective|p2a: Dhelmise\n|-damage|p2a: Dhelmise|0 fnt\n|-damage|p1a: Dugtrio|43/100|[from] item: Rocky Helmet|[of] p2a: Dhelmise\n|faint|p2a: Dhelmise\n|\n|upkeep\n|\n|t:|1766407565\n|switch|p2a: Medicham|Medicham-Mega, F|64/100\n|turn|27\n|\n|t:|1766407577\n|switch|p1a: Tentacruel|Tentacruel, M|75/100\n|-damage|p1a: Tentacruel|62/100|[from] Spikes\n|move|p2a: Medicham|Trailblaze|p1a: Tentacruel\n|-damage|p1a: Tentacruel|34/100\n|-boost|p2a: Medicham|spe|1\n|-damage|p2a: Medicham|47/100|[from] item: Rocky Helmet|[of] p1a: Tentacruel\n|\n|upkeep\n|turn|28\n|\n|t:|1766407609\n|move|p2a: Medicham|Psycho Cut|p1a: Tentacruel\n|-supereffective|p1a: Tentacruel\n|-crit|p1a: Tentacruel\n|-damage|p1a: Tentacruel|0 fnt\n|faint|p1a: Tentacruel\n|\n|upkeep\n|\n|t:|1766407616\n|switch|p1a: Dragapult|Dragapult, M|76/100\n|-damage|p1a: Dragapult|64/100|[from] Spikes\n|turn|29\n|\n|t:|1766407626\n|switch|p2a: Iron Moth|Iron Moth|14/100\n|move|p1a: Dragapult|Draco Meteor|p2a: Iron Moth\n|-damage|p2a: Iron Moth|0 fnt\n|-unboost|p1a: Dragapult|spa|2\n|faint|p2a: Iron Moth\n|-end|p2a: Iron Moth|Quark Drive|[silent]\n|\n|upkeep\n|\n|t:|1766407642\n|switch|p2a: Landorus|Landorus, M|51/100\n|turn|30\n|\n|t:|1766407652\n|switch|p1a: Eelektross|Eelektross, F|100/100\n|move|p2a: Landorus|Sludge Wave|p1a: Eelektross\n|-damage|p1a: Eelektross|83/100\n|\n|upkeep\n|turn|31\n|\n|t:|1766407672\n|move|p2a: Landorus|Sludge Wave|p1a: Eelektross\n|-damage|p1a: Eelektross|66/100\n|-status|p1a: Eelektross|psn\n|move|p1a: Eelektross|U-turn|p2a: Landorus\n|-resisted|p2a: Landorus\n|-crit|p2a: Landorus\n|-damage|p2a: Landorus|36/100\n|\n|t:|1766407676\n|switch|p1a: Dragapult|Dragapult, M|64/100|[from] U-turn\n|-damage|p1a: Dragapult|51/100|[from] Spikes\n|\n|upkeep\n|turn|32\n|\n|t:|1766407686\n|move|p1a: Dragapult|Dragon Pulse|p2a: Landorus\n|-damage|p2a: Landorus|0 fnt\n|faint|p2a: Landorus\n|\n|upkeep\n|\n|t:|1766407692\n|switch|p2a: Samurott|Samurott-Hisui, F|42/100\n|turn|33\n|\n|t:|1766407702\n|move|p2a: Samurott|Sucker Punch|p1a: Dragapult\n|-supereffective|p1a: Dragapult\n|-damage|p1a: Dragapult|0 fnt\n|faint|p1a: Dragapult\n|\n|upkeep\n|\n|t:|1766407709\n|switch|p1a: Eelektross|Eelektross, F|66/100 psn\n|turn|34\n|\n|t:|1766407728\n|switch|p2a: Medicham|Medicham-Mega, F|47/100\n|move|p1a: Eelektross|U-turn|p2a: Medicham\n|-damage|p2a: Medicham|22/100\n|\n|t:|1766407730\n|switch|p1a: Dugtrio|Dugtrio, F|43/100|[from] U-turn\n|-damage|p1a: Dugtrio|30/100|[from] Spikes\n|\n|upkeep\n|turn|35\n|\n|t:|1766407739\n|move|p1a: Dugtrio|Earthquake|p2a: Medicham\n|-damage|p2a: Medicham|0 fnt\n|faint|p2a: Medicham\n|detailschange|p2: Medicham|Medicham, F|[silent]\n|\n|upkeep\n|\n|t:|1766407742\n|switch|p2a: Samurott|Samurott-Hisui, F|42/100\n|turn|36\n|\n|t:|1766407748\n|move|p2a: Samurott|Sucker Punch|p1a: Dugtrio\n|-damage|p1a: Dugtrio|0 fnt\n|faint|p1a: Dugtrio\n|\n|upkeep\n|\n|t:|1766407750\n|switch|p1a: Eelektross|Eelektross, F|66/100 psn\n|turn|37\n|c|☆GamerNotFound2025|?\n|\n|t:|1766407943\n|move|p2a: Samurott|Air Slash|p1a: Eelektross\n|-resisted|p1a: Eelektross\n|-damage|p1a: Eelektross|59/100 psn\n|move|p1a: Eelektross|Discharge|p2a: Samurott\n|-supereffective|p2a: Samurott\n|-damage|p2a: Samurott|0 fnt\n|faint|p2a: Samurott\n|\n|win|GamerNotFound2025\n|c|☆GamerNotFound2025|Ggwp\n|c|☆Taye101|That roll on koko was crazy \n|c|☆Taye101|Gg\n","players":["GamerNotFound2025","Taye101"],"format":"[Gen 9] NatDex Draft","rating":null,"private":1,"password":"4x1iiwrgwlm9gx40vf1nn00u0vcvfc4","inputlog":">version 0d0a8c252a1f8ab806681f673fdafaf34a87df55\n>start {\"formatid\":\"gen9natdexdraft\",\"seed\":\"sodium,22066a34a3a711531b0afa1c43e4a1e5\"}\n>player p1 {\"name\":\"GamerNotFound2025\",\"avatar\":\"266\",\"team\":\"Eelektross||AssaultVest|Levitate|Discharge,KnockOff,SuperFang,Uturn|Sassy|252,,4,,252,|F|,,,,,0|||,,,,,Electric]Incineroar||AssaultVest|Intimidate|KnockOff,FlareBlitz,Earthquake,Uturn|Careful|252,,4,,252,|F||||,,,,,Fire]Dugtrio||ChoiceScarf|ArenaTrap|Earthquake,StealthRock,FoulPlay,Endeavor|Jolly|,252,,,4,252|F|0,,0,,0,|||,,,,,Ground]Celesteela|||BeastBoost|HeavySlam,Earthquake,LeechSeed,Substitute|Impish|252,,252,,4,|N||||,,,,,Steel]Dragapult||ChoiceScarf|ClearBody|ShadowBall,DracoMeteor,DragonPulse,Uturn|Timid|,,,252,4,252|M||||,,,,,Dragon]Tentacruel||RockyHelmet|ClearBody|Scald,SludgeBomb,KnockOff,RapidSpin|Bold|252,,252,,4,|M||||,,,,,Water\",\"rating\":0}\n>player p2 {\"name\":\"Taye101\",\"avatar\":\"265\",\"team\":\"Medicham||Medichamite|PurePower|CloseCombat,PsychoCut,Trailblaze,PoisonJab|Adamant|72,252,,,,184|F||||,,,,,Fighting]Tapu Koko||ChoiceScarf|ElectricSurge|Thunderbolt,Uturn,DazzlingGleam,VoltSwitch|Timid|80,,,252,,176|N||||,,,,,Electric]Iron Moth||ShedShell|QuarkDrive|FieryDance,DazzlingGleam,AcidSpray,Psychic|Timid|,,124,132,,252|N|,0,,,,|||,,,,,Fire]Dhelmise||RockyHelmet|Steelworker|AnchorShot,KnockOff,Synthesis,RapidSpin|Adamant|248,24,28,,208,|N||||,,,,,Ghost]Samurott|SamurottHisui|AssaultVest|Sharpness|Scald,AirSlash,SuckerPunch,CeaselessEdge|Modest|248,,,40,124,56|F||||,,,,,Water]Landorus||LifeOrb|SandForce|EarthPower,Gravity,Taunt,SludgeWave|Modest|,,,252,4,252|M|,0,,,,|||,,,,,Ground\",\"rating\":0}\n>chat ☆GamerNotFound2025|Hf\n>chat ☆Taye101|GLHF\n>p1 team 1, 2, 3, 4, 5, 6\n>p2 team 6, 2, 3, 4, 5, 1\n>p1 move knockoff\n>p2 move taunt\n>p1 move uturn\n>p2 move gravity\n>p1 switch 5\n>p1 move dracometeor\n>p2 switch 5\n>p1 switch 6\n>p2 move ceaselessedge\n>p1 switch 4\n>p2 switch 4\n>p1 move substitute\n>p2 move knockoff\n>p1 move leechseed\n>p2 switch 2\n>p1 move heavyslam\n>p2 move uturn\n>p2 switch 2\n>p1 switch 2\n>p2 move synthesis\n>p1 move knockoff\n>p2 switch 6\n>p1 switch 2\n>p2 move trailblaze mega\n>p1 switch 6\n>p2 move closecombat\n>p1 move shadowball\n>p2 switch 2\n>p1 move shadowball\n>p2 move uturn\n>chat ☆GamerNotFound2025|Always getting those\n>p2 switch 3\n>p1 switch 2\n>p2 move fierydance\n>p1 move earthquake\n>p2 switch 5\n>p1 move uturn\n>p2 move earthpower\n>p1 switch 2\n>p1 move dracometeor\n>p2 switch 5\n>p1 switch 2\n>p2 move fierydance\n>p1 move earthquake\n>p2 move fierydance\n>p1 switch 3\n>p1 move earthquake\n>p2 switch 6\n>p1 switch 6\n>p2 move knockoff\n>chat ☆GamerNotFound2025|Hahahahah nice\n>p1 move heavyslam\n>p2 switch 6\n>p1 move heavyslam\n>p2 move fierydance\n>p1 switch 6\n>p1 move foulplay\n>p2 switch 6\n>p1 move foulplay\n>p2 move anchorshot\n>p2 switch 2\n>p1 switch 4\n>p2 move trailblaze\n>p1 move rapidspin\n>p2 move psychocut\n>p1 switch 2\n>p1 move dracometeor\n>p2 switch 6\n>p2 switch 5\n>p1 switch 5\n>p2 move sludgewave\n>p1 move uturn\n>p2 move sludgewave\n>p1 switch 5\n>p1 move dragonpulse\n>p2 move earthpower\n>p2 switch 4\n>p1 move dragonpulse\n>p2 move suckerpunch\n>p1 switch 5\n>p1 move uturn\n>p2 switch 6\n>p1 switch 4\n>p1 move earthquake\n>p2 move trailblaze\n>p2 switch 6\n>p1 move earthquake\n>p2 move suckerpunch\n>p1 switch 4\n>chat ☆GamerNotFound2025|?\n>p1 move discharge\n>p2 move airslash","uploadtime":1766408605}