{"id":"gen9natdexdraft-57","log":"|j|☆Tapuplayz\n|j|☆Artman_Shan\n|t:|1760107634\n|gametype|singles\n|player|p1|Tapuplayz|benga|\n|player|p2|Artman_Shan|265|\n|gen|9\n|tier|[Gen 9] NatDex Draft\n|rule|Tera Type Preview: Tera Types are shown at Team Preview\n|rule|Sleep Clause Mod: Limit one foe put to sleep\n|rule|OHKO Clause: OHKO moves are banned\n|rule|Evasion Clause: Evasion abilities, items, and moves are banned\n|rule|Evasion Abilities Clause: Evasion abilities are banned\n|rule|Evasion Items Clause: Evasion items are banned\n|rule|Evasion Moves Clause: Evasion moves are banned\n|rule|Endless Battle Clause: Forcing endless battles is banned\n|rule|HP Percentage Mod: HP is shown in percentages\n|raw|<div class=\"infobox\"><details class=\"readmore\" open><summary><strong>1 custom rule:</strong></summary> Tera Type Preview</details></div>\n|clearpoke\n|poke|p1|Feraligatr, F|\n|poke|p1|Ogerpon-Hearthflame, F|\n|poke|p1|Thundurus, M|\n|poke|p1|Garchomp, M|\n|poke|p1|Marshydow, F|\n|poke|p1|Zoroark-Hisui, M|\n|poke|p2|Miltank, F|\n|poke|p2|Pincurchin, F|\n|poke|p2|Hawlucha, F|\n|poke|p2|Forretress, F|\n|poke|p2|Iron Spike, F|\n|poke|p2|Sneasler, M|\n|raw|Tapuplayz's Tera Types:<br /><psicon pokemon=\"feraligatr\" /><psicon type=\"Electric\" /> / <psicon pokemon=\"ogerponhearthflame\" /><psicon type=\"Fire\" /> / <psicon pokemon=\"thundurus\" /><psicon type=\"Electric\" /> / <psicon pokemon=\"garchomp\" /><psicon type=\"Dragon\" /> / <psicon pokemon=\"marshydow\" /><psicon type=\"Ghost\" /> / <psicon pokemon=\"zoroarkhisui\" /><psicon type=\"Normal\" />\n|raw|Artman_Shan's Tera Types:<br /><psicon pokemon=\"miltank\" /><psicon type=\"Normal\" /> / <psicon pokemon=\"pincurchin\" /><psicon type=\"Electric\" /> / <psicon pokemon=\"hawlucha\" /><psicon type=\"Fighting\" /> / <psicon pokemon=\"forretress\" /><psicon type=\"Water\" /> / <psicon pokemon=\"ironspike\" /><psicon type=\"Water\" /> / <psicon pokemon=\"sneasler\" /><psicon type=\"Fighting\" />\n|teampreview\n|c|☆Tapuplayz|glhf\n|\n|t:|1760107669\n|teamsize|p1|6\n|teamsize|p2|6\n|start\n|switch|p1a: Thundurus|Thundurus, M|100/100\n|switch|p2a: Pincurchin|Pincurchin, F|100/100\n|-fieldstart|move: Electric Terrain|[from] ability: Electric Surge|[of] p2a: Pincurchin\n|turn|1\n|j| The_Shawdoin\n|c|☆Artman_Shan|Glhf\n|\n|t:|1760107710\n|move|p2a: Pincurchin|Protect|p2a: Pincurchin\n|-singleturn|p2a: Pincurchin|Protect\n|move|p1a: Thundurus|Taunt|p2a: Pincurchin\n|-activate|p2a: Pincurchin|move: Protect\n|\n|upkeep\n|turn|2\n|\n|t:|1760107721\n|move|p1a: Thundurus|Taunt|p2a: Pincurchin\n|-start|p2a: Pincurchin|move: Taunt\n|move|p2a: Pincurchin|Scald|p1a: Thundurus\n|-damage|p1a: Thundurus|76/100\n|\n|upkeep\n|turn|3\n|c| The_Shawdoin|hey so is this a bug lol\n|\n|t:|1760107745\n|switch|p1a: Garchomp|Garchomp, M|100/100\n|switch|p2a: Sneasler|Sneasler, M|100/100\n|-item|p2a: Sneasler|Air Balloon\n|\n|upkeep\n|turn|4\n|\n|t:|1760107753\n|move|p2a: Sneasler|Fake Out|p1a: Garchomp\n|-damage|p1a: Garchomp|85/100\n|-damage|p2a: Sneasler|88/100|[from] ability: Rough Skin|[of] p1a: Garchomp\n|-damage|p2a: Sneasler|72/100|[from] item: Rocky Helmet|[of] p1a: Garchomp\n|cant|p1a: Garchomp|flinch\n|\n|upkeep\n|turn|5\n|j| wizzz7\n|c| The_Shawdoin|nvm\n|c| The_Shawdoin|Visual glitch for me\n|\n|t:|1760107766\n|move|p2a: Sneasler|Dire Claw|p1a: Garchomp\n|-resisted|p1a: Garchomp\n|-damage|p1a: Garchomp|63/100\n|-damage|p2a: Sneasler|59/100|[from] ability: Rough Skin|[of] p1a: Garchomp\n|-damage|p2a: Sneasler|43/100|[from] item: Rocky Helmet|[of] p1a: Garchomp\n|move|p1a: Garchomp|Dragon Tail|p2a: Sneasler\n|-damage|p2a: Sneasler|0 fnt\n|-enditem|p2a: Sneasler|Air Balloon\n|faint|p2a: Sneasler\n|\n|upkeep\n|\n|t:|1760107788\n|switch|p2a: Iron Spike|Iron Spike, F|100/100\n|-activate|p2a: Iron Spike|ability: Quark Drive\n|-start|p2a: Iron Spike|quarkdrivespd\n|turn|6\n|\n|t:|1760107805\n|move|p1a: Garchomp|Stealth Rock|p2a: Iron Spike\n|-sidestart|p2: Artman_Shan|move: Stealth Rock\n|move|p2a: Iron Spike|Thunder Wave|p1a: Garchomp\n|-immune|p1a: Garchomp\n|\n|upkeep\n|turn|7\n|\n|t:|1760107813\n|move|p1a: Garchomp|Earthquake|p2a: Iron Spike\n|-supereffective|p2a: Iron Spike\n|-damage|p2a: Iron Spike|11/100\n|move|p2a: Iron Spike|Moonblast|p1a: Garchomp\n|-supereffective|p1a: Garchomp\n|-damage|p1a: Garchomp|16/100\n|\n|-heal|p2a: Iron Spike|17/100|[from] item: Leftovers\n|upkeep\n|turn|8\n|\n|t:|1760107831\n|-end|p2a: Iron Spike|Quark Drive|[silent]\n|switch|p2a: Forretress|Forretress, F|100/100\n|-damage|p2a: Forretress|88/100|[from] Stealth Rock\n|move|p1a: Garchomp|Earthquake|p2a: Forretress\n|-damage|p2a: Forretress|58/100\n|\n|-fieldend|move: Electric Terrain\n|upkeep\n|turn|9\n|c|☆Tapuplayz|why did you use thunder wave on garchomp\n|\n|t:|1760107841\n|move|p1a: Garchomp|Spikes|p2a: Forretress\n|-sidestart|p2: Artman_Shan|Spikes\n|move|p2a: Forretress|Rapid Spin|p1a: Garchomp\n|-damage|p1a: Garchomp|5/100\n|-boost|p2a: Forretress|spe|1\n|-damage|p2a: Forretress|46/100|[from] ability: Rough Skin|[of] p1a: Garchomp\n|-damage|p2a: Forretress|29/100|[from] item: Rocky Helmet|[of] p1a: Garchomp\n|-sideend|p2: Artman_Shan|Spikes|[from] move: Rapid Spin|[of] p2a: Forretress\n|-sideend|p2: Artman_Shan|Stealth Rock|[from] move: Rapid Spin|[of] p2a: Forretress\n|\n|upkeep\n|turn|10\n|\n|t:|1760107852\n|move|p1a: Garchomp|Earthquake|p2a: Forretress\n|-damage|p2a: Forretress|0 fnt\n|faint|p2a: Forretress\n|\n|upkeep\n|\n|t:|1760107860\n|switch|p2a: Pincurchin|Pincurchin, F|100/100\n|-fieldstart|move: Electric Terrain|[from] ability: Electric Surge|[of] p2a: Pincurchin\n|turn|11\n|\n|t:|1760107866\n|move|p1a: Garchomp|Earthquake|p2a: Pincurchin\n|-supereffective|p2a: Pincurchin\n|-damage|p2a: Pincurchin|10/100\n|move|p2a: Pincurchin|Toxic Spikes|p1a: Garchomp\n|-sidestart|p1: Tapuplayz|move: Toxic Spikes\n|\n|upkeep\n|turn|12\n|\n|t:|1760107873\n|move|p2a: Pincurchin|Protect|p2a: Pincurchin\n|-singleturn|p2a: Pincurchin|Protect\n|move|p1a: Garchomp|Earthquake|p2a: Pincurchin\n|-activate|p2a: Pincurchin|move: Protect\n|\n|upkeep\n|turn|13\n|\n|t:|1760107882\n|move|p1a: Garchomp|Earthquake|p2a: Pincurchin\n|-supereffective|p2a: Pincurchin\n|-damage|p2a: Pincurchin|0 fnt\n|faint|p2a: Pincurchin\n|\n|upkeep\n|\n|t:|1760107894\n|switch|p2a: Hawlucha|Hawlucha, F|100/100\n|-enditem|p2a: Hawlucha|Electric Seed\n|-boost|p2a: Hawlucha|def|1|[from] item: Electric Seed\n|turn|14\n|\n|t:|1760107901\n|move|p2a: Hawlucha|Acrobatics|p1a: Garchomp\n|-damage|p1a: Garchomp|0 fnt\n|-damage|p2a: Hawlucha|88/100|[from] ability: Rough Skin|[of] p1a: Garchomp\n|-damage|p2a: Hawlucha|72/100|[from] item: Rocky Helmet|[of] p1a: Garchomp\n|faint|p1a: Garchomp\n|\n|upkeep\n|\n|t:|1760107909\n|switch|p1a: Thundurus|Thundurus, M|76/100\n|turn|15\n|\n|t:|1760107917\n|move|p1a: Thundurus|Thunder Wave|p2a: Hawlucha\n|-status|p2a: Hawlucha|par\n|cant|p2a: Hawlucha|par\n|\n|upkeep\n|turn|16\n|\n|t:|1760107930\n|switch|p2a: Iron Spike|Iron Spike, F|17/100\n|-activate|p2a: Iron Spike|ability: Quark Drive\n|-start|p2a: Iron Spike|quarkdrivespd\n|move|p1a: Thundurus|Wildbolt Storm|p2a: Iron Spike\n|-supereffective|p2a: Iron Spike\n|-damage|p2a: Iron Spike|0 fnt\n|faint|p2a: Iron Spike\n|-end|p2a: Iron Spike|Quark Drive|[silent]\n|\n|upkeep\n|\n|t:|1760107940\n|switch|p2a: Miltank|Miltank, F|100/100\n|turn|17\n|\n|t:|1760107958\n|detailschange|p2a: Miltank|Miltank-Mega, F\n|-mega|p2a: Miltank|Miltank|Miltankite\n|move|p1a: Thundurus|Thunder Wave|p2a: Miltank\n|-status|p2a: Miltank|par\n|move|p2a: Miltank|Secret Power|p1a: Thundurus\n|-damage|p1a: Thundurus|25/100\n|\n|upkeep\n|turn|18\n|\n|t:|1760107968\n|move|p1a: Thundurus|Wildbolt Storm|p2a: Miltank\n|-damage|p2a: Miltank|35/100 par\n|move|p2a: Miltank|Secret Power|p1a: Thundurus\n|-ability|p2a: Miltank|Reptitive Force\n|-message|Miltank's consecutive hits boost its power (x1.2)\n|-crit|p1a: Thundurus\n|-damage|p1a: Thundurus|0 fnt\n|faint|p1a: Thundurus\n|\n|-fieldend|move: Electric Terrain\n|upkeep\n|\n|t:|1760107983\n|switch|p1a: Marshydow|Marshydow, F|100/100\n|-status|p1a: Marshydow|psn\n|turn|19\n|\n|t:|1760107995\n|switch|p2a: Hawlucha|Hawlucha, F|72/100 par\n|move|p1a: Marshydow|Knock Off|p2a: Hawlucha\n|-resisted|p2a: Hawlucha\n|-damage|p2a: Hawlucha|61/100 par\n|\n|-damage|p1a: Marshydow|88/100 psn|[from] psn\n|upkeep\n|turn|20\n|\n|t:|1760108005\n|move|p1a: Marshydow|Protect|p1a: Marshydow\n|-singleturn|p1a: Marshydow|Protect\n|move|p2a: Hawlucha|Acrobatics|p1a: Marshydow\n|-activate|p1a: Marshydow|move: Protect\n|\n|-damage|p1a: Marshydow|76/100 psn|[from] psn\n|upkeep\n|turn|21\n|\n|t:|1760108014\n|move|p1a: Marshydow|Knock Off|p2a: Hawlucha\n|-resisted|p2a: Hawlucha\n|-damage|p2a: Hawlucha|50/100 par\n|move|p2a: Hawlucha|Acrobatics|p1a: Marshydow\n|-damage|p1a: Marshydow|0 fnt\n|replace|p1a: Zoroark|Zoroark-Hisui, M\n|-end|p1a: Zoroark|Illusion\n|faint|p1a: Zoroark\n|\n|upkeep\n|\n|t:|1760108023\n|switch|p1a: Marshydow|Marshydow, F|100/100\n|-status|p1a: Marshydow|psn\n|turn|22\n|c| wizzz7|if theres a hawlucha theres a way\n|\n|t:|1760108035\n|move|p1a: Marshydow|Spectral Thief|p2a: Hawlucha\n|-damage|p2a: Hawlucha|0 fnt\n|faint|p2a: Hawlucha\n|-damage|p1a: Marshydow|91/100 psn|[from] item: Life Orb\n|\n|-damage|p1a: Marshydow|78/100 psn|[from] psn\n|upkeep\n|c| wizzz7|lol\n|\n|t:|1760108044\n|switch|p2a: Miltank|Miltank-Mega, F|35/100 par\n|turn|23\n|c|☆Tapuplayz|no hawlucha for you\n|\n|t:|1760108052\n|move|p1a: Marshydow|Drain Punch|p2a: Miltank\n|-crit|p2a: Miltank\n|-damage|p2a: Miltank|0 fnt\n|-heal|p1a: Marshydow|96/100 psn|[from] drain|[of] p2a: Miltank\n|faint|p2a: Miltank\n|detailschange|p2: Miltank|Miltank, F|[silent]\n|-damage|p1a: Marshydow|86/100 psn|[from] item: Life Orb\n|\n|win|Tapuplayz\n|c|☆Tapuplayz|gg\n|c|☆Artman_Shan|Ggs\n|l| wizzz7\n","players":["Tapuplayz","Artman_Shan"],"format":"[Gen 9] NatDex Draft","rating":null,"private":0,"password":null,"inputlog":">version c5f06566d1a0a24bc6fa6bc2146fd951ef712f76\n>start {\"formatid\":\"gen9natdexdraft@@@Tera Type Preview\",\"seed\":\"sodium,c19c228b7fd00e8607254e75bf7cdd5e\"}\n>player p1 {\"name\":\"Tapuplayz\",\"avatar\":\"benga\",\"team\":\"Feraligatr||LifeOrb|SheerForce|Liquidation,IcePunch,DragonDance,TeraBlast|Naughty|,252,,4,,252|F||S||,,,,,Electric]Ogerpon|OgerponHearthflame|HearthflameMask|MoldBreaker|IvyCudgel,SpikyShield,PlayRough,KnockOff|Jolly|,252,,,4,252|F||||,Poison,,,,Fire]Thundurus||HeavyDutyBoots|Prankster|ThunderWave,WildboltStorm,Taunt,FlashCannon|Timid|,,,252,4,252|M|,0,,,,|||,,,,,Electric]Garchomp||RockyHelmet|RoughSkin|StealthRock,Spikes,Earthquake,DragonTail|Jolly|,252,,,4,252|M||||,,,,,Dragon]Marshydow||LifeOrb|Technician|DrainPunch,FirePunch,ShadowSneak,SpectralThief|Jolly|,252,,,4,252|F||||,,,,,Ghost]Zoroark|ZoroarkHisui|FocusSash|Illusion|WillOWisp,KnockOff,Protect,Uturn|Jolly|252,4,,,,252|M||||,,,,,Normal\",\"rating\":0}\n>player p2 {\"name\":\"Artman_Shan\",\"avatar\":\"265\",\"team\":\"Miltank||Miltankite|SapSipper|SecretPower,PlayRough,ThunderPunch,Earthquake|Jolly|,252,,,4,252|F||||,,,,,Normal]Pincurchin||TerrainExtender|ElectricSurge|Scald,Protect,Recover,ToxicSpikes|Bold|252,,252,,4,|F|,0,,,,|||,,,,,Electric]Hawlucha||ElectricSeed|Unburden|Acrobatics,BulkUp,CloseCombat,Uturn|Adamant|,252,,,4,252|F||||,,,,,Fighting]Forretress||SalacBerry|Sturdy|RapidSpin,DrillRun,Protect,ToxicSpikes|Impish|252,4,252,,,|F||||,,,,,Water]Iron Spike||Leftovers|QuarkDrive|Protect,FlipTurn,Moonblast,ThunderWave|Calm|252,,,4,252,|F||||,,,,,Water]Sneasler||AirBalloon|Unburden|Acrobatics,CloseCombat,FakeOut,DireClaw|Adamant|,252,,,4,252|M||||,,,,,Fighting\",\"rating\":0}\n>chat ☆Tapuplayz|glhf\n>p1 team 3, 6, 2, 1, 4, 5\n>p2 team 2, 1, 3, 4, 5, 6\n>chat ☆Artman_Shan|Glhf\n>p1 move taunt\n>p2 move protect\n>p1 move taunt\n>p2 move scald\n>chat  The_Shawdoin|hey so is this a bug lol\n>p1 switch 5\n>p2 switch 6\n>p1 move dragontail\n>p2 move fakeout\n>chat  The_Shawdoin|nvm\n>chat  The_Shawdoin|Visual glitch for me\n>p1 move dragontail\n>p2 move direclaw\n>p2 switch 5\n>p1 move stealthrock\n>p2 move thunderwave\n>p1 move earthquake\n>p2 move moonblast\n>p1 move earthquake\n>p2 switch 4\n>chat ☆Tapuplayz|why did you use thunder wave on garchomp\n>p1 move spikes\n>p2 move rapidspin\n>p1 move earthquake\n>p2 move toxicspikes\n>p2 switch 6\n>p1 move earthquake\n>p2 move toxicspikes\n>p1 move earthquake\n>p2 move protect\n>p1 move earthquake\n>p2 move recover\n>p2 switch 3\n>p1 move dragontail\n>p2 move acrobatics\n>p1 switch 5\n>p1 move thunderwave\n>p2 move acrobatics\n>p1 move wildboltstorm\n>p2 switch 4\n>p2 switch 2\n>p1 move thunderwave\n>p2 move secretpower mega\n>p1 move wildboltstorm\n>p2 move secretpower\n>p1 switch 2\n>p1 move knockoff\n>p2 switch 4\n>p1 move protect\n>p2 move acrobatics\n>p1 move knockoff\n>p2 move acrobatics\n>p1 switch 6\n>chat  wizzz7|if theres a hawlucha theres a way\n>p1 move spectralthief\n>p2 move acrobatics\n>chat  wizzz7|lol\n>p2 switch 4\n>chat ☆Tapuplayz|no hawlucha for you\n>p1 move drainpunch\n>p2 move playrough","uploadtime":1760108094}