{"id":"gen9natdexdraft-52","log":"|j|☆The_Shawdoin\n|j|☆umbreonreallysucks\n|t:|1765060768\n|gametype|singles\n|player|p1|The_Shawdoin|caitlin|\n|player|p2|umbreonreallysucks|102|\n|gen|9\n|tier|[Gen 9] NatDex Draft\n|rule|Tera Type Preview: Tera Types are shown at Team Preview\n|rule|Sleep Clause Mod: Limit one foe put to sleep\n|rule|OHKO Clause: OHKO moves are banned\n|rule|Evasion Clause: Evasion abilities, items, and moves are banned\n|rule|Evasion Abilities Clause: Evasion abilities are banned\n|rule|Evasion Items Clause: Evasion items are banned\n|rule|Evasion Moves Clause: Evasion moves are banned\n|rule|Endless Battle Clause: Forcing endless battles is banned\n|rule|HP Percentage Mod: HP is shown in percentages\n|raw|<div class=\"infobox\"><details class=\"readmore\" open><summary><strong>1 custom rule:</strong></summary> Tera Type Preview</details></div>\n|clearpoke\n|poke|p1|Iron Saw, M|\n|poke|p1|Zapdos|\n|poke|p1|Terapagos, M|\n|poke|p1|Gouging Fire|\n|poke|p1|Drifblim-Hell, F|\n|poke|p1|Weavile, F|\n|poke|p2|Probenose, M|\n|poke|p2|Iron Crown|\n|poke|p2|Ho-Ho, F|\n|poke|p2|Diamoneye, F|\n|poke|p2|Clashing Teeth, F|\n|poke|p2|Reuniclus-Hell, F|\n|raw|The_Shawdoin's Tera Types:<br /><psicon pokemon=\"ironsaw\" /><psicon type=\"Electric\" /> / <psicon pokemon=\"zapdos\" /><psicon type=\"Fire\" /> / <psicon pokemon=\"terapagos\" /><psicon type=\"Stellar\" /> / <psicon pokemon=\"gougingfire\" /><psicon type=\"Fire\" /> / <psicon pokemon=\"drifblimhell\" /><psicon type=\"Water\" /> / <psicon pokemon=\"weavile\" /><psicon type=\"Dark\" />\n|raw|umbreonreallysucks's Tera Types:<br /><psicon pokemon=\"probenose\" /><psicon type=\"Electric\" /> / <psicon pokemon=\"ironcrown\" /><psicon type=\"Fire\" /> / <psicon pokemon=\"hoho\" /><psicon type=\"Ground\" /> / <psicon pokemon=\"diamoneye\" /><psicon type=\"Ghost\" /> / <psicon pokemon=\"clashingteeth\" /><psicon type=\"Ground\" /> / <psicon pokemon=\"reuniclushell\" /><psicon type=\"Normal\" />\n|teampreview\n|c|☆The_Shawdoin|gl hf\n|c|☆umbreonreallysucks|glhf\n|\n|t:|1765060792\n|teamsize|p1|6\n|teamsize|p2|6\n|start\n|switch|p1a: Zapdos|Zapdos|100/100\n|switch|p2a: Iron Crown|Iron Crown|100/100\n|-ability|p1a: Zapdos|Pressure\n|turn|1\n|j|~SparksTheNeo\n|\n|t:|1765060822\n|move|p2a: Iron Crown|Future Sight|p1a: Zapdos\n|-start|p2a: Iron Crown|move: Future Sight\n|move|p1a: Zapdos|Light Screen|p1a: Zapdos\n|-sidestart|p1: The_Shawdoin|move: Light Screen\n|\n|upkeep\n|turn|2\n|\n|t:|1765060838\n|move|p2a: Iron Crown|Volt Switch|p1a: Zapdos\n|-damage|p1a: Zapdos|93/100\n|\n|t:|1765060875\n|-end|p2a: Iron Crown|Quark Drive|[silent]\n|switch|p2a: Ho-Ho|Ho-Ho, F|100/100|[from] Volt Switch\n|move|p1a: Zapdos|U-turn|p2a: Ho-Ho\n|-resisted|p2a: Ho-Ho\n|-damage|p2a: Ho-Ho|98/100\n|\n|t:|1765060885\n|switch|p1a: Drifblim-Hell|Drifblim-Hell, F|100/100|[from] U-turn\n|\n|upkeep\n|turn|3\n|\n|t:|1765060923\n|detailschange|p1a: Drifblim-Hell|Drifblim-Hell-Mega, F\n|-mega|p1a: Drifblim-Hell|Drifblim-Hell|Drifblimite Hell\n|move|p1a: Drifblim-Hell|Strength Sap|p2a: Ho-Ho\n|-unboost|p2a: Ho-Ho|atk|1\n|move|p2a: Ho-Ho|Roar|p1a: Drifblim-Hell\n|drag|p1a: Iron Saw|Iron Saw, M|100/100\n|-enditem|p1a: Iron Saw|Booster Energy\n|-activate|p1a: Iron Saw|ability: Quark Drive|[fromitem]\n|-start|p1a: Iron Saw|quarkdrivespe\n|\n|-end|p1a: Iron Saw|move: Future Sight\n|-resisted|p1a: Iron Saw\n|-damage|p1a: Iron Saw|79/100\n|upkeep\n|turn|4\n|c|☆The_Shawdoin|what\n|c|☆The_Shawdoin|lol\n|\n|t:|1765060947\n|switch|p2a: Clashing Teeth|Clashing Teeth, F|100/100\n|move|p1a: Iron Saw|Wild Charge|p2a: Clashing Teeth\n|-immune|p2a: Clashing Teeth\n|\n|upkeep\n|turn|5\n|c|~SparksTheNeo|oh that was an insane roar\n|\n|t:|1765060961\n|move|p1a: Iron Saw|Close Combat|p2a: Clashing Teeth\n|-damage|p2a: Clashing Teeth|54/100\n|-unboost|p1a: Iron Saw|def|1\n|-unboost|p1a: Iron Saw|spd|1\n|move|p2a: Clashing Teeth|Earthquake|p1a: Iron Saw\n|-supereffective|p1a: Iron Saw\n|-damage|p1a: Iron Saw|0 fnt\n|faint|p1a: Iron Saw\n|-end|p1a: Iron Saw|Quark Drive|[silent]\n|\n|upkeep\n|\n|t:|1765060967\n|switch|p1a: Drifblim-Hell|Drifblim-Hell-Mega, F|100/100\n|turn|6\n|c|☆umbreonreallysucks|Its shaw gotta play a lil ballsy\n|\n|t:|1765060978\n|-end|p2a: Clashing Teeth|Protosynthesis|[silent]\n|switch|p2a: Diamoneye|Diamoneye, F|100/100\n|move|p1a: Drifblim-Hell|Calm Mind|p1a: Drifblim-Hell\n|-boost|p1a: Drifblim-Hell|spa|1\n|-boost|p1a: Drifblim-Hell|spd|1\n|\n|upkeep\n|turn|7\n|\n|t:|1765060984\n|move|p2a: Diamoneye|Encore|p1a: Drifblim-Hell\n|-start|p1a: Drifblim-Hell|Encore\n|move|p1a: Drifblim-Hell|Calm Mind|p1a: Drifblim-Hell\n|-boost|p1a: Drifblim-Hell|spa|1\n|-boost|p1a: Drifblim-Hell|spd|1\n|\n|upkeep\n|turn|8\n|\n|t:|1765060990\n|detailschange|p2a: Diamoneye|Diamoneye-Mega, F\n|-mega|p2a: Diamoneye|Diamoneye|Diamoneyite\n|-ability|p2a: Diamoneye|Unnerve\n|move|p2a: Diamoneye|Shadow Ball|p1a: Drifblim-Hell\n|-damage|p1a: Drifblim-Hell|93/100\n|move|p1a: Drifblim-Hell|Calm Mind|p1a: Drifblim-Hell\n|-boost|p1a: Drifblim-Hell|spa|1\n|-boost|p1a: Drifblim-Hell|spd|1\n|\n|-sideend|p1: The_Shawdoin|move: Light Screen\n|upkeep\n|turn|9\n|\n|t:|1765061001\n|move|p2a: Diamoneye|Shadow Ball|p1a: Drifblim-Hell\n|-damage|p1a: Drifblim-Hell|81/100\n|move|p1a: Drifblim-Hell|Calm Mind|p1a: Drifblim-Hell\n|-boost|p1a: Drifblim-Hell|spa|1\n|-boost|p1a: Drifblim-Hell|spd|1\n|\n|-end|p1a: Drifblim-Hell|Encore\n|upkeep\n|turn|10\n|\n|t:|1765061006\n|switch|p1a: Terapagos|Terapagos, M|100/100\n|-activate|p1a: Terapagos|ability: Tera Shift\n|detailschange|p1a: Terapagos|Terapagos-Terastal, M\n|-heal|p1a: Terapagos|100/100|[silent]\n|move|p2a: Diamoneye|Encore||[still]\n|-fail|p2a: Diamoneye\n|\n|upkeep\n|turn|11\n|\n|t:|1765061016\n|switch|p2a: Probenose|Probenose, M|100/100\n|move|p1a: Terapagos|Dazzling Gleam|p2a: Probenose\n|-resisted|p2a: Probenose\n|-damage|p2a: Probenose|92/100\n|\n|-heal|p2a: Probenose|98/100|[from] item: Leftovers\n|upkeep\n|turn|12\n|\n|t:|1765061022\n|move|p1a: Terapagos|Flamethrower|p2a: Probenose\n|-supereffective|p2a: Probenose\n|-damage|p2a: Probenose|59/100\n|move|p2a: Probenose|Volt Switch|p1a: Terapagos\n|-activate|p1a: Terapagos|ability: Tera Shell\n|-resisted|p1a: Terapagos\n|-damage|p1a: Terapagos|92/100\n|\n|t:|1765061035\n|switch|p2a: Reuniclus-Hell|Reuniclus-Hell, F|100/100|[from] Volt Switch\n|\n|upkeep\n|turn|13\n|\n|t:|1765061050\n|move|p1a: Terapagos|Flamethrower|p2a: Reuniclus-Hell\n|-damage|p2a: Reuniclus-Hell|71/100\n|move|p2a: Reuniclus-Hell|Hyper Voice|p1a: Terapagos\n|-damage|p1a: Terapagos|49/100\n|\n|upkeep\n|turn|14\n|\n|t:|1765061059\n|move|p1a: Terapagos|Stealth Rock|p2a: Reuniclus-Hell\n|-sidestart|p2: umbreonreallysucks|move: Stealth Rock\n|move|p2a: Reuniclus-Hell|Moonblast|p1a: Terapagos\n|-damage|p1a: Terapagos|3/100\n|\n|upkeep\n|turn|15\n|\n|t:|1765061064\n|move|p1a: Terapagos|Flamethrower|p2a: Reuniclus-Hell\n|-damage|p2a: Reuniclus-Hell|44/100\n|move|p2a: Reuniclus-Hell|Recover|p2a: Reuniclus-Hell\n|-heal|p2a: Reuniclus-Hell|94/100\n|\n|upkeep\n|turn|16\n|\n|t:|1765061069\n|move|p1a: Terapagos|Flamethrower|p2a: Reuniclus-Hell\n|-damage|p2a: Reuniclus-Hell|65/100\n|move|p2a: Reuniclus-Hell|Recover|p2a: Reuniclus-Hell\n|-heal|p2a: Reuniclus-Hell|100/100\n|\n|upkeep\n|turn|17\n|\n|t:|1765061072\n|move|p1a: Terapagos|Flamethrower|p2a: Reuniclus-Hell\n|-damage|p2a: Reuniclus-Hell|72/100\n|move|p2a: Reuniclus-Hell|Hyper Voice|p1a: Terapagos\n|-damage|p1a: Terapagos|0 fnt\n|faint|p1a: Terapagos\n|\n|upkeep\n|\n|t:|1765061099\n|switch|p1a: Gouging Fire|Gouging Fire|100/100\n|turn|18\n|\n|t:|1765061114\n|move|p1a: Gouging Fire|Dragon Claw|p2a: Reuniclus-Hell\n|-immune|p2a: Reuniclus-Hell\n|move|p2a: Reuniclus-Hell|Cotton Guard|p2a: Reuniclus-Hell\n|-boost|p2a: Reuniclus-Hell|def|3\n|\n|upkeep\n|turn|19\n|c|☆The_Shawdoin|damn probs gg\n|\n|t:|1765061138\n|-end|p1a: Gouging Fire|Protosynthesis|[silent]\n|switch|p1a: Zapdos|Zapdos|93/100\n|-ability|p1a: Zapdos|Pressure\n|move|p2a: Reuniclus-Hell|Cotton Guard|p2a: Reuniclus-Hell\n|-boost|p2a: Reuniclus-Hell|def|3\n|\n|upkeep\n|turn|20\n|\n|t:|1765061142\n|move|p1a: Zapdos|Light Screen|p1a: Zapdos\n|-sidestart|p1: The_Shawdoin|move: Light Screen\n|move|p2a: Reuniclus-Hell|Recover|p2a: Reuniclus-Hell\n|-heal|p2a: Reuniclus-Hell|100/100\n|\n|upkeep\n|turn|21\n|\n|t:|1765061147\n|move|p1a: Zapdos|Hurricane|p2a: Reuniclus-Hell|[miss]\n|-miss|p1a: Zapdos|p2a: Reuniclus-Hell\n|move|p2a: Reuniclus-Hell|Moonblast|p1a: Zapdos\n|-damage|p1a: Zapdos|71/100\n|\n|upkeep\n|turn|22\n|\n|t:|1765061156\n|move|p1a: Zapdos|Hurricane|p2a: Reuniclus-Hell\n|-damage|p2a: Reuniclus-Hell|61/100\n|move|p2a: Reuniclus-Hell|Moonblast|p1a: Zapdos\n|-damage|p1a: Zapdos|51/100\n|\n|upkeep\n|turn|23\n|\n|t:|1765061163\n|move|p1a: Zapdos|Hurricane|p2a: Reuniclus-Hell|[miss]\n|-miss|p1a: Zapdos|p2a: Reuniclus-Hell\n|move|p2a: Reuniclus-Hell|Recover|p2a: Reuniclus-Hell\n|-heal|p2a: Reuniclus-Hell|100/100\n|\n|upkeep\n|turn|24\n|\n|t:|1765061169\n|move|p1a: Zapdos|Hurricane|p2a: Reuniclus-Hell\n|-damage|p2a: Reuniclus-Hell|56/100\n|move|p2a: Reuniclus-Hell|Hyper Voice|p1a: Zapdos\n|-damage|p1a: Zapdos|31/100\n|\n|upkeep\n|turn|25\n|\n|t:|1765061175\n|move|p1a: Zapdos|Hurricane|p2a: Reuniclus-Hell\n|-crit|p2a: Reuniclus-Hell\n|-damage|p2a: Reuniclus-Hell|0 fnt\n|faint|p2a: Reuniclus-Hell\n|\n|upkeep\n|c|☆umbreonreallysucks|RIP\n|\n|t:|1765061183\n|switch|p2a: Ho-Ho|Ho-Ho, F|100/100\n|turn|26\n|\n|t:|1765061195\n|move|p1a: Zapdos|Reflect|p1a: Zapdos\n|-sidestart|p1: The_Shawdoin|Reflect\n|move|p2a: Ho-Ho|Sacred Fire|p1a: Zapdos\n|-damage|p1a: Zapdos|12/100\n|\n|upkeep\n|turn|27\n|c|☆umbreonreallysucks|Bro 50 percent my ass\n|\n|t:|1765061215\n|switch|p1a: Gouging Fire|Gouging Fire|100/100\n|switch|p2a: Clashing Teeth|Clashing Teeth, F|54/100\n|\n|-sideend|p1: The_Shawdoin|move: Light Screen\n|upkeep\n|turn|28\n|\n|t:|1765061226\n|move|p2a: Clashing Teeth|Earthquake|p1a: Gouging Fire\n|-supereffective|p1a: Gouging Fire\n|-damage|p1a: Gouging Fire|62/100\n|move|p1a: Gouging Fire|Dragon Claw|p2a: Clashing Teeth\n|-supereffective|p2a: Clashing Teeth\n|-damage|p2a: Clashing Teeth|0 fnt\n|faint|p2a: Clashing Teeth\n|-end|p2a: Clashing Teeth|Protosynthesis|[silent]\n|\n|upkeep\n|\n|t:|1765061237\n|switch|p2a: Ho-Ho|Ho-Ho, F|100/100\n|turn|29\n|\n|t:|1765061243\n|move|p1a: Gouging Fire|Stone Edge|p2a: Ho-Ho|[miss]\n|-miss|p1a: Gouging Fire|p2a: Ho-Ho\n|move|p2a: Ho-Ho|Earthquake|p1a: Gouging Fire\n|-supereffective|p1a: Gouging Fire\n|-damage|p1a: Gouging Fire|44/100\n|\n|upkeep\n|turn|30\n|\n|t:|1765061252\n|switch|p2a: Probenose|Probenose, M|59/100\n|-damage|p2a: Probenose|53/100|[from] Stealth Rock\n|move|p1a: Gouging Fire|Dragon Dance|p1a: Gouging Fire\n|-boost|p1a: Gouging Fire|atk|1\n|-boost|p1a: Gouging Fire|spe|1\n|\n|-heal|p2a: Probenose|59/100|[from] item: Leftovers\n|upkeep\n|turn|31\n|\n|t:|1765061257\n|move|p1a: Gouging Fire|Flare Blitz|p2a: Probenose\n|-supereffective|p2a: Probenose\n|-damage|p2a: Probenose|0 fnt\n|faint|p2a: Probenose\n|-damage|p1a: Gouging Fire|26/100|[from] Recoil\n|\n|upkeep\n|\n|t:|1765061265\n|switch|p2a: Diamoneye|Diamoneye-Mega, F|100/100\n|-ability|p2a: Diamoneye|Unnerve\n|-damage|p2a: Diamoneye|88/100|[from] Stealth Rock\n|turn|32\n|\n|t:|1765061271\n|move|p1a: Gouging Fire|Flare Blitz|p2a: Diamoneye\n|-damage|p2a: Diamoneye|0 fnt\n|faint|p2a: Diamoneye\n|detailschange|p2: Diamoneye|Diamoneye, F|[silent]\n|-damage|p1a: Gouging Fire|3/100|[from] Recoil\n|\n|upkeep\n|\n|t:|1765061277\n|switch|p2a: Ho-Ho|Ho-Ho, F|100/100\n|turn|33\n|\n|t:|1765061300\n|move|p1a: Gouging Fire|Dragon Claw|p2a: Ho-Ho\n|-damage|p2a: Ho-Ho|51/100\n|move|p2a: Ho-Ho|Sacred Fire|p1a: Gouging Fire\n|-resisted|p1a: Gouging Fire\n|-damage|p1a: Gouging Fire|0 fnt\n|faint|p1a: Gouging Fire\n|-end|p1a: Gouging Fire|Protosynthesis|[silent]\n|\n|-sideend|p1: The_Shawdoin|Reflect\n|upkeep\n|\n|t:|1765061307\n|switch|p1a: Zapdos|Zapdos|12/100\n|-ability|p1a: Zapdos|Pressure\n|turn|34\n|\n|t:|1765061321\n|move|p1a: Zapdos|Light Screen|p1a: Zapdos\n|-sidestart|p1: The_Shawdoin|move: Light Screen\n|move|p2a: Ho-Ho|Sacred Fire|p1a: Zapdos\n|-damage|p1a: Zapdos|0 fnt\n|faint|p1a: Zapdos\n|\n|upkeep\n|\n|t:|1765061325\n|switch|p1a: Drifblim-Hell|Drifblim-Hell-Mega, F|81/100\n|turn|35\n|\n|t:|1765061333\n|switch|p2a: Iron Crown|Iron Crown|100/100\n|-damage|p2a: Iron Crown|94/100|[from] Stealth Rock\n|move|p1a: Drifblim-Hell|Calm Mind|p1a: Drifblim-Hell\n|-boost|p1a: Drifblim-Hell|spa|1\n|-boost|p1a: Drifblim-Hell|spd|1\n|\n|upkeep\n|turn|36\n|\n|t:|1765061339\n|move|p2a: Iron Crown|Future Sight|p1a: Drifblim-Hell\n|-start|p2a: Iron Crown|move: Future Sight\n|move|p1a: Drifblim-Hell|Calm Mind|p1a: Drifblim-Hell\n|-boost|p1a: Drifblim-Hell|spa|1\n|-boost|p1a: Drifblim-Hell|spd|1\n|\n|upkeep\n|turn|37\n|\n|t:|1765061342\n|move|p2a: Iron Crown|Psychic Noise|p1a: Drifblim-Hell\n|-supereffective|p1a: Drifblim-Hell\n|-damage|p1a: Drifblim-Hell|69/100\n|-start|p1a: Drifblim-Hell|move: Heal Block\n|move|p1a: Drifblim-Hell|Calm Mind|p1a: Drifblim-Hell\n|-boost|p1a: Drifblim-Hell|spa|1\n|-boost|p1a: Drifblim-Hell|spd|1\n|\n|upkeep\n|turn|38\n|\n|t:|1765061351\n|move|p2a: Iron Crown|Psychic Noise|p1a: Drifblim-Hell\n|-supereffective|p1a: Drifblim-Hell\n|-damage|p1a: Drifblim-Hell|60/100\n|move|p1a: Drifblim-Hell|Shadow Ball|p2a: Iron Crown\n|-supereffective|p2a: Iron Crown\n|-crit|p2a: Iron Crown\n|-damage|p2a: Iron Crown|0 fnt\n|faint|p2a: Iron Crown\n|-end|p2a: Iron Crown|Quark Drive|[silent]\n|\n|-end|p1a: Drifblim-Hell|move: Future Sight\n|-supereffective|p1a: Drifblim-Hell\n|-crit|p1a: Drifblim-Hell\n|-damage|p1a: Drifblim-Hell|0 fnt\n|faint|p1a: Drifblim-Hell\n|detailschange|p1: Drifblim-Hell|Drifblim-Hell, F|[silent]\n|upkeep\n|c|☆umbreonreallysucks|GG\n|\n|t:|1765061362\n|switch|p2a: Ho-Ho|Ho-Ho, F|84/100\n|switch|p1a: Weavile|Weavile, F|100/100\n|-ability|p1a: Weavile|Pressure\n|turn|39\n|c|~SparksTheNeo|oh damn nice crit\n|\n|t:|1765061369\n|move|p1a: Weavile|Knock Off|p2a: Ho-Ho\n|-damage|p2a: Ho-Ho|35/100\n|-enditem|p2a: Ho-Ho|Heavy-Duty Boots|[from] move: Knock Off|[of] p1a: Weavile\n|-damage|p1a: Weavile|91/100|[from] item: Life Orb\n|move|p2a: Ho-Ho|Sacred Fire|p1a: Weavile\n|-supereffective|p1a: Weavile\n|-damage|p1a: Weavile|0 fnt\n|faint|p1a: Weavile\n|\n|win|umbreonreallysucks\n|c|☆The_Shawdoin|gg\n|c|☆umbreonreallysucks|GG\n|c|☆umbreonreallysucks|That was crazy\n|c|☆The_Shawdoin|thats a big rip for my run lol\n|c|☆The_Shawdoin|but gg\n|l|☆The_Shawdoin\n|player|p1|\n","players":["The_Shawdoin","umbreonreallysucks"],"format":"[Gen 9] NatDex Draft","rating":null,"private":0,"password":null,"inputlog":">version 410298541a4f39e57734b9bac268a67abbacfb75\n>start {\"formatid\":\"gen9natdexdraft@@@Tera Type Preview\",\"seed\":\"sodium,50991563538c2e525a8dabf4538ac8b3\"}\n>player p1 {\"name\":\"The_Shawdoin\",\"avatar\":\"caitlin\",\"team\":\"Iron Saw||BoosterEnergy|QuarkDrive|SwordsDance,WildCharge,CloseCombat,DrillRun|Jolly|48,252,,,,208|M||||,,,,,Electric]Zapdos||LightClay|Pressure|Reflect,LightScreen,Hurricane,Uturn|Calm|248,,,8,252,|N||||,,,,,Fire]Terapagos||HeavyDutyBoots|TeraShift|StealthRock,DazzlingGleam,Flamethrower,RapidSpin|Modest|252,,4,252,,|M||||,Dark,,,,Stellar]Gouging Fire||HeavyDutyBoots|Protosynthesis|DragonDance,FlareBlitz,StoneEdge,DragonClaw|Jolly|88,252,,,,168|N||||,Fighting,,,,Fire]Drifblim-Hell||DrifblimiteHell|WaterAbsorb|CalmMind,ShadowBall,Scald,StrengthSap|Calm|,,4,252,252,|F|,0,,,,|||,,,,,Water]Weavile||LifeOrb|Pressure|SwordsDance,IceShard,LowKick,KnockOff|Jolly|96,252,,,,160|F||||,,,,,Dark\",\"rating\":0}\n>player p2 {\"name\":\"umbreonreallysucks\",\"avatar\":\"102\",\"team\":\"Probenose||Leftovers|Levitate|FlashCannon,EarthPower,VoltSwitch,Recover|Bold|248,,252,8,,|M|,0,,,,|||,,,,,Electric]Iron Crown||AssaultVest|QuarkDrive|TachyonCutter,FutureSight,PsychicNoise,VoltSwitch|Timid|,,48,252,8,200|N|,20,,,,|||,Fighting,,,,Fire]Ho-Ho||HeavyDutyBoots|Regenerator|SacredFire,Earthquake,ZenHeadbutt,Roar|Impish|248,8,252,,,|F||||,,,,,Ground]Diamoneye||Diamoneyite|Prankster|ShadowBall,DazzlingGleam,DestinyBond,Encore|Timid|,,54,252,,202|F|,0,,,,|||,,,,,Ghost]Clashing Teeth||HeavyDutyBoots|Protosynthesis|Earthquake,ExtremeSpeed,DragonClaw,RapidSpin|Jolly|,252,4,,,252|F||||,,,,,Ground]Reuniclus-Hell||LifeOrb|MagicGuard|Moonblast,HyperVoice,Recover,CottonGuard|Modest|248,,200,60,,|F|,0,,,,|||,,,,,Normal\",\"rating\":0}\n>chat ☆The_Shawdoin|gl hf\n>chat ☆umbreonreallysucks|glhf\n>p1 team 2, 1, 3, 4, 5, 6\n>p2 team 2, 1, 3, 4, 5, 6\n>p1 move lightscreen\n>p2 move futuresight\n>p1 move uturn\n>p2 move voltswitch\n>p2 switch 3\n>p1 switch 5\n>p1 move strengthsap mega\n>p2 move roar\n>chat ☆The_Shawdoin|what\n>chat ☆The_Shawdoin|lol\n>p1 move wildcharge\n>p2 switch 5\n>chat ~SparksTheNeo|oh that was an insane roar\n>p1 move closecombat\n>p2 move earthquake\n>p1 switch 2\n>chat ☆umbreonreallysucks|Its shaw gotta play a lil ballsy\n>p1 move calmmind\n>p2 switch 4\n>p1 move calmmind\n>p2 move encore\n>p1 move calmmind\n>p2 move shadowball mega\n>p1 move calmmind\n>p2 move shadowball\n>p1 switch 3\n>p2 move encore\n>p1 move dazzlinggleam\n>p2 switch 2\n>p1 move flamethrower\n>p2 move voltswitch\n>p2 switch 6\n>p1 move flamethrower\n>p2 move hypervoice\n>p1 move stealthrock\n>p2 move moonblast\n>p1 move flamethrower\n>p2 move recover\n>p1 move flamethrower\n>p2 move recover\n>p1 move flamethrower\n>p2 move hypervoice\n>p1 switch 4\n>p1 move dragonclaw\n>p2 move cottonguard\n>chat ☆The_Shawdoin|damn probs gg\n>p1 switch 5\n>p2 move cottonguard\n>p1 move lightscreen\n>p2 move recover\n>p1 move hurricane\n>p2 move moonblast\n>p1 move hurricane\n>p2 move moonblast\n>p1 move hurricane\n>p2 move recover\n>p1 move hurricane\n>p2 move hypervoice\n>p1 move hurricane\n>p2 move recover\n>chat ☆umbreonreallysucks|RIP\n>p2 switch 5\n>p1 move reflect\n>p2 move sacredfire\n>chat ☆umbreonreallysucks|Bro 50 percent my ass\n>p1 switch 5\n>p2 switch 4\n>p1 move dragonclaw\n>p2 move earthquake\n>p2 switch 4\n>p1 move stoneedge\n>p2 move earthquake\n>p1 move dragondance\n>p2 switch 6\n>p1 move flareblitz\n>p2 move recover\n>p2 switch 2\n>p1 move flareblitz\n>p2 move shadowball\n>p2 switch 6\n>p1 move dragonclaw\n>p2 move sacredfire\n>p1 switch 5\n>p1 move lightscreen\n>p2 move sacredfire\n>p1 switch 3\n>p1 move calmmind\n>p2 switch 3\n>p1 move calmmind\n>p2 move futuresight\n>p1 move calmmind\n>p2 move psychicnoise\n>p1 move shadowball\n>p2 move psychicnoise\n>chat ☆umbreonreallysucks|GG\n>p1 switch 6\n>p2 switch 3\n>chat ~SparksTheNeo|oh damn nice crit\n>p1 move knockoff\n>p2 move sacredfire","uploadtime":1765061398}