{"id":"gen9natdexdraft-49","log":"|j|☆poisonhealingg\n|j|☆liviifailure\n|t:|1759663151\n|gametype|singles\n|player|p1|poisonhealingg|101|\n|player|p2|liviifailure|2|\n|gen|9\n|tier|[Gen 9] NatDex Draft\n|rule|Tera Type Preview: Tera Types are shown at Team Preview\n|rule|Sleep Clause Mod: Limit one foe put to sleep\n|rule|OHKO Clause: OHKO moves are banned\n|rule|Evasion Clause: Evasion abilities, items, and moves are banned\n|rule|Evasion Abilities Clause: Evasion abilities are banned\n|rule|Evasion Items Clause: Evasion items are banned\n|rule|Evasion Moves Clause: Evasion moves are banned\n|rule|Endless Battle Clause: Forcing endless battles is banned\n|rule|HP Percentage Mod: HP is shown in percentages\n|raw|<div class=\"infobox\"><details class=\"readmore\" open><summary><strong>1 custom rule:</strong></summary> Tera Type Preview</details></div>\n|clearpoke\n|poke|p1|Basculegion-Prime, M|\n|poke|p1|Chien-Pao|\n|poke|p1|Raging Bolt|\n|poke|p1|Glimmora, F|\n|poke|p1|Durant-Prime, M|\n|poke|p1|Dragonite, F|\n|poke|p2|Tinkaton, F|\n|poke|p2|Brambleghast-Prime, F|\n|poke|p2|Iron Bundle|\n|poke|p2|Whiscash, M|\n|poke|p2|Bombirdier, M|\n|poke|p2|Terapagos, M|\n|raw|poisonhealingg's Tera Types:<br /><psicon pokemon=\"basculegionprime\" /><psicon type=\"Water\" /> / <psicon pokemon=\"chienpao\" /><psicon type=\"Dark\" /> / <psicon pokemon=\"ragingbolt\" /><psicon type=\"Steel\" /> / <psicon pokemon=\"glimmora\" /><psicon type=\"Rock\" /> / <psicon pokemon=\"durantprime\" /><psicon type=\"Bug\" /> / <psicon pokemon=\"dragonite\" /><psicon type=\"Dragon\" />\n|raw|liviifailure's Tera Types:<br /><psicon pokemon=\"tinkaton\" /><psicon type=\"Ground\" /> / <psicon pokemon=\"brambleghastprime\" /><psicon type=\"Stellar\" /> / <psicon pokemon=\"ironbundle\" /><psicon type=\"Stellar\" /> / <psicon pokemon=\"whiscash\" /><psicon type=\"Stellar\" /> / <psicon pokemon=\"bombirdier\" /><psicon type=\"Rock\" /> / <psicon pokemon=\"terapagos\" /><psicon type=\"Stellar\" />\n|teampreview\n|c|☆poisonhealingg|glhf\n|c|☆liviifailure|u2\n|\n|t:|1759663227\n|teamsize|p1|6\n|teamsize|p2|6\n|start\n|switch|p1a: Glimmora|Glimmora, F|100/100\n|switch|p2a: Tinkaton|Tinkaton, F|100/100\n|-ability|p2a: Tinkaton|Mold Breaker\n|turn|1\n|\n|t:|1759663235\n|move|p2a: Tinkaton|Fake Out|p1a: Glimmora\n|-resisted|p1a: Glimmora\n|-damage|p1a: Glimmora|96/100\n|-activate|p1a: Glimmora|ability: Toxic Debris\n|-sidestart|p2: liviifailure|move: Toxic Spikes\n|cant|p1a: Glimmora|flinch\n|\n|upkeep\n|turn|2\n|\n|t:|1759663259\n|move|p2a: Tinkaton|Stealth Rock|p1a: Glimmora\n|-sidestart|p1: poisonhealingg|move: Stealth Rock\n|move|p1a: Glimmora|Earth Power|p2a: Tinkaton\n|-supereffective|p2a: Tinkaton\n|-damage|p2a: Tinkaton|49/100\n|-enditem|p2a: Tinkaton|Eject Button\n|\n|t:|1759663289\n|switch|p2a: Bombirdier|Bombirdier, M|100/100\n|\n|upkeep\n|turn|3\n|\n|t:|1759663295\n|move|p2a: Bombirdier|Drill Run|p1a: Glimmora\n|-supereffective|p1a: Glimmora\n|-damage|p1a: Glimmora|0 fnt\n|-activate|p1a: Glimmora|ability: Toxic Debris\n|-sidestart|p2: liviifailure|move: Toxic Spikes\n|faint|p1a: Glimmora\n|\n|upkeep\n|\n|t:|1759663326\n|switch|p1a: Chien-Pao|Chien-Pao|100/100\n|-ability|p1a: Chien-Pao|Sword of Ruin\n|turn|4\n|\n|t:|1759663348\n|switch|p2a: Tinkaton|Tinkaton, F|49/100\n|-ability|p2a: Tinkaton|Mold Breaker\n|move|p1a: Chien-Pao|Swords Dance|p1a: Chien-Pao\n|-boost|p1a: Chien-Pao|atk|2\n|\n|upkeep\n|turn|5\n|\n|t:|1759663374\n|move|p2a: Tinkaton|Fake Out|p1a: Chien-Pao\n|-damage|p1a: Chien-Pao|90/100\n|cant|p1a: Chien-Pao|flinch\n|\n|upkeep\n|turn|6\n|\n|t:|1759663389\n|move|p1a: Chien-Pao|Crunch|p2a: Tinkaton\n|-resisted|p2a: Tinkaton\n|-damage|p2a: Tinkaton|0 fnt\n|faint|p2a: Tinkaton\n|\n|upkeep\n|\n|t:|1759663394\n|switch|p2a: Bombirdier|Bombirdier, M|100/100\n|turn|7\n|\n|t:|1759663425\n|switch|p1a: Raging Bolt|Raging Bolt|100/100\n|-damage|p1a: Raging Bolt|88/100|[from] Stealth Rock\n|-terastallize|p2a: Bombirdier|Rock\n|move|p2a: Bombirdier|Stone Edge|p1a: Raging Bolt\n|-damage|p1a: Raging Bolt|28/100\n|\n|upkeep\n|turn|8\n|\n|t:|1759663442\n|switch|p2a: Whiscash|Whiscash, M|100/100\n|-status|p2a: Whiscash|tox\n|-terastallize|p1a: Raging Bolt|Steel\n|move|p1a: Raging Bolt|Draco Meteor|p2a: Whiscash\n|-damage|p2a: Whiscash|11/100 tox\n|-unboost|p1a: Raging Bolt|spa|2\n|\n|-damage|p2a: Whiscash|5/100 tox|[from] psn\n|upkeep\n|turn|9\n|\n|t:|1759663451\n|move|p1a: Raging Bolt|Draco Meteor|p2a: Whiscash\n|-damage|p2a: Whiscash|0 fnt\n|-unboost|p1a: Raging Bolt|spa|2\n|faint|p2a: Whiscash\n|\n|upkeep\n|\n|t:|1759663462\n|switch|p2a: Terapagos|Terapagos, M|100/100\n|-activate|p2a: Terapagos|ability: Tera Shift\n|detailschange|p2a: Terapagos|Terapagos-Terastal, M\n|-heal|p2a: Terapagos|100/100|[silent]\n|turn|10\n|\n|t:|1759663475\n|-end|p1a: Raging Bolt|Protosynthesis|[silent]\n|switch|p1a: Basculegion-Prime|Basculegion-Prime, M|100/100\n|-damage|p1a: Basculegion-Prime|88/100|[from] Stealth Rock\n|-activate|p1a: Basculegion-Prime|ability: Supreme Overlord\n|-start|p1a: Basculegion-Prime|fallen1|[silent]\n|move|p2a: Terapagos|Rapid Spin|p1a: Basculegion-Prime\n|-immune|p1a: Basculegion-Prime\n|\n|upkeep\n|turn|11\n|\n|t:|1759663487\n|switch|p2a: Iron Bundle|Iron Bundle|100/100\n|-status|p2a: Iron Bundle|tox\n|move|p1a: Basculegion-Prime|No Retreat|p1a: Basculegion-Prime\n|-boost|p1a: Basculegion-Prime|atk|1\n|-boost|p1a: Basculegion-Prime|def|1\n|-boost|p1a: Basculegion-Prime|spa|1\n|-boost|p1a: Basculegion-Prime|spd|1\n|-boost|p1a: Basculegion-Prime|spe|1\n|-start|p1a: Basculegion-Prime|move: No Retreat\n|\n|-damage|p2a: Iron Bundle|95/100 tox|[from] psn\n|upkeep\n|turn|12\n|\n|t:|1759663494\n|move|p1a: Basculegion-Prime|Close Combat|p2a: Iron Bundle\n|-supereffective|p2a: Iron Bundle\n|-damage|p2a: Iron Bundle|0 fnt\n|-unboost|p1a: Basculegion-Prime|def|1\n|-unboost|p1a: Basculegion-Prime|spd|1\n|faint|p2a: Iron Bundle\n|-end|p2a: Iron Bundle|Quark Drive|[silent]\n|\n|upkeep\n|\n|t:|1759663507\n|switch|p2a: Bombirdier|Bombirdier, M, tera:Rock|100/100\n|-status|p2a: Bombirdier|tox\n|turn|13\n|\n|t:|1759663511\n|move|p2a: Bombirdier|Sucker Punch|p1a: Basculegion-Prime\n|-supereffective|p1a: Basculegion-Prime\n|-damage|p1a: Basculegion-Prime|35/100\n|move|p1a: Basculegion-Prime|Liquidation|p2a: Bombirdier\n|-supereffective|p2a: Bombirdier\n|-damage|p2a: Bombirdier|0 fnt\n|faint|p2a: Bombirdier\n|\n|upkeep\n|\n|t:|1759663521\n|switch|p2a: Brambleghast-Prime|Brambleghast-Prime, F|100/100\n|-status|p2a: Brambleghast-Prime|tox\n|turn|14\n|\n|t:|1759663530\n|move|p1a: Basculegion-Prime|Phantom Force||[still]\n|-prepare|p1a: Basculegion-Prime|Phantom Force\n|move|p2a: Brambleghast-Prime|Tailwind|p2a: Brambleghast-Prime\n|-sidestart|p2: liviifailure|move: Tailwind\n|\n|-damage|p2a: Brambleghast-Prime|94/100 tox|[from] psn\n|upkeep\n|turn|15\n|\n|t:|1759663539\n|move|p2a: Brambleghast-Prime|Flower Trick|p1a: Basculegion-Prime|[miss]\n|-miss|p2a: Brambleghast-Prime|p1a: Basculegion-Prime\n|move|p1a: Basculegion-Prime|Phantom Force|p2a: Brambleghast-Prime|[from] lockedmove\n|-supereffective|p2a: Brambleghast-Prime\n|-crit|p2a: Brambleghast-Prime\n|-damage|p2a: Brambleghast-Prime|0 fnt\n|faint|p2a: Brambleghast-Prime\n|\n|upkeep\n|\n|t:|1759663544\n|switch|p2a: Terapagos|Terapagos-Terastal, M|100/100\n|turn|16\n|\n|t:|1759663548\n|move|p2a: Terapagos|Earth Power|p1a: Basculegion-Prime\n|-damage|p1a: Basculegion-Prime|13/100\n|-unboost|p1a: Basculegion-Prime|spd|1\n|move|p1a: Basculegion-Prime|Liquidation|p2a: Terapagos\n|-activate|p2a: Terapagos|ability: Tera Shell\n|-resisted|p2a: Terapagos\n|-damage|p2a: Terapagos|64/100\n|\n|upkeep\n|turn|17\n|\n|t:|1759663565\n|-end|p1a: Basculegion-Prime|fallen1|[silent]\n|switch|p1a: Durant-Prime|Durant-Prime, M|100/100\n|-damage|p1a: Durant-Prime|88/100|[from] Stealth Rock\n|move|p2a: Terapagos|Earth Power|p1a: Durant-Prime\n|-damage|p1a: Durant-Prime|45/100\n|\n|-sideend|p2: liviifailure|move: Tailwind\n|upkeep\n|turn|18\n|\n|t:|1759663573\n|move|p1a: Durant-Prime|Superpower|p2a: Terapagos\n|-supereffective|p2a: Terapagos\n|-damage|p2a: Terapagos|0 fnt\n|-unboost|p1a: Durant-Prime|atk|1\n|-unboost|p1a: Durant-Prime|def|1\n|faint|p2a: Terapagos\n|-damage|p1a: Durant-Prime|36/100|[from] item: Life Orb\n|\n|win|poisonhealingg\n|c|☆poisonhealingg|gg\n|c|☆liviifailure|rip gg\n","players":["poisonhealingg","liviifailure"],"format":"[Gen 9] NatDex Draft","rating":null,"private":0,"password":null,"inputlog":">version 2521d38b27f80d1c68b15942009d55f3b2bb8613\n>start {\"formatid\":\"gen9natdexdraft@@@Tera Type Preview\",\"seed\":\"sodium,e98884ca9207839b159e7c630ea01f50\"}\n>player p1 {\"name\":\"poisonhealingg\",\"avatar\":\"101\",\"team\":\"Basculegion-Prime||LumBerry|SupremeOverlord|Liquidation,PhantomForce,CloseCombat,NoRetreat|Jolly|,252,,,104,152|M||||,,,,,Water]Chien-Pao||HeavyDutyBoots|SwordofRuin|Crunch,SuckerPunch,Ruination,SwordsDance|Adamant|,252,,,76,180|N||||,,,,,Dark]Raging Bolt||MentalHerb|Protosynthesis|Thunderbolt,Thunderclap,DracoMeteor,CalmMind|Modest|,,92,252,,164|N|,20,,,,|||,Fighting,,,,Steel]Glimmora||FocusSash|ToxicDebris|PowerGem,EarthPower,StealthRock,Memento|Timid|,,4,252,,252|F|,0,,,,|||,,,,,Rock]Durant-Prime||LifeOrb|Hustle|FirstImpression,Uturn,BehemothBash,Superpower|Adamant|,252,,,28,228|M||||,,,,,Bug]Dragonite||HeavyDutyBoots|Multiscale|DracoMeteor,Earthquake,Toxic,Roost|Calm|248,,,,252,8|F||||,,,,,Dragon\",\"rating\":0}\n>player p2 {\"name\":\"liviifailure\",\"avatar\":\"2\",\"team\":\"Tinkaton||EjectButton|MoldBreaker|GigatonHammer,PlayRough,FakeOut,StealthRock|Jolly|252,64,,,,192|F||||,,,,,Ground]Brambleghast-Prime||YacheBerry|ShadowShield|Tailwind,FlowerTrick,Poltergeist,StrengthSap|Adamant|128,184,,,4,192|F||||,,,,,Stellar]Iron Bundle||FocusSash|QuarkDrive|HydroPump,FreezeDry,Uturn,Encore|Timid|,,8,252,,248|N||||,,,,,Stellar]Whiscash||ChestoBerry|Oblivious|EarthPower,IceBeam,HiddenPowerFighting,Rest|Modest|248,,,232,,28|M|,0,,,,|||,Fighting,,,,Stellar]Bombirdier||ChoiceScarf|RockyPayload|StoneEdge,DrillRun,Uturn,SuckerPunch|Jolly|64,252,4,,,188|M||||,,,,,Rock]Terapagos||HeavyDutyBoots|TeraShift|TeraStarstorm,RapidSpin,CalmMind,EarthPower|Modest|32,,,252,,224|M||||,Dark,,,,Stellar\",\"rating\":0}\n>chat ☆poisonhealingg|glhf\n>chat ☆liviifailure|u2\n>p1 team 4, 2, 3, 1, 5, 6\n>p2 team 1, 2, 3, 4, 5, 6\n>p1 move earthpower\n>p2 move fakeout\n>p1 move earthpower\n>p2 move stealthrock\n>p2 switch 5\n>p1 move powergem\n>p2 move drillrun\n>p1 switch 2\n>p1 move swordsdance\n>p2 switch 5\n>p1 move crunch\n>p2 move fakeout\n>p1 move crunch\n>p2 move gigatonhammer\n>p2 switch 5\n>p1 switch 3\n>p2 move stoneedge terastallize\n>p1 move dracometeor terastallize\n>p2 switch 4\n>p1 move dracometeor\n>p2 move rest\n>p2 switch 6\n>p1 switch 4\n>p2 move rapidspin\n>p1 move noretreat\n>p2 switch 3\n>p1 move closecombat\n>p2 move freezedry\n>p2 switch 4\n>p1 move liquidation\n>p2 move suckerpunch\n>p2 switch 2\n>p1 move phantomforce\n>p2 move tailwind\n>p1 move phantomforce\n>p2 move flowertrick\n>p2 switch 3\n>p1 move liquidation\n>p2 move earthpower\n>p1 switch 5\n>p2 move earthpower\n>p1 move superpower\n>p2 move earthpower","uploadtime":1759663584}