{"id":"gen9natdexdraft-82","log":"|j|☆SparksTheNeo\n|j|☆ElysianSoul222\n|t:|1760717481\n|gametype|singles\n|player|p1|SparksTheNeo|169|\n|player|p2|ElysianSoul222|skierf|\n|gen|9\n|tier|[Gen 9] NatDex Draft\n|rule|Tera Type Preview: Tera Types are shown at Team Preview\n|rule|Sleep Clause Mod: Limit one foe put to sleep\n|rule|OHKO Clause: OHKO moves are banned\n|rule|Evasion Clause: Evasion abilities, items, and moves are banned\n|rule|Evasion Abilities Clause: Evasion abilities are banned\n|rule|Evasion Items Clause: Evasion items are banned\n|rule|Evasion Moves Clause: Evasion moves are banned\n|rule|Endless Battle Clause: Forcing endless battles is banned\n|rule|HP Percentage Mod: HP is shown in percentages\n|raw|<div class=\"infobox\"><details class=\"readmore\" open><summary><strong>1 custom rule:</strong></summary> Tera Type Preview</details></div>\n|clearpoke\n|poke|p1|Iron Thorns-Prime|\n|poke|p1|Mr. Rime-Prime, M|\n|poke|p1|Ditto|\n|poke|p1|Ogerpon-Wellspring, F|\n|poke|p1|Comfey, M|\n|poke|p1|Skarmory, M|\n|poke|p2|Dragapult, F|\n|poke|p2|Mandibuzz-Prime, F|\n|poke|p2|Iron Valiant|\n|poke|p2|Melmetal|\n|poke|p2|Blastoise, F|\n|poke|p2|Miltank, F|\n|raw|SparksTheNeo's Tera Types:<br /><psicon pokemon=\"ironthornsprime\" /><psicon type=\"Rock\" /> / <psicon pokemon=\"mrrimeprime\" /><psicon type=\"Ice\" /> / <psicon pokemon=\"ditto\" /><psicon type=\"Fairy\" /> / <psicon pokemon=\"ogerponwellspring\" /><psicon type=\"Water\" /> / <psicon pokemon=\"comfey\" /><psicon type=\"Fairy\" /> / <psicon pokemon=\"skarmory\" /><psicon type=\"Dark\" />\n|raw|ElysianSoul222's Tera Types:<br /><psicon pokemon=\"dragapult\" /><psicon type=\"Dragon\" /> / <psicon pokemon=\"mandibuzzprime\" /><psicon type=\"Dark\" /> / <psicon pokemon=\"ironvaliant\" /><psicon type=\"Fairy\" /> / <psicon pokemon=\"melmetal\" /><psicon type=\"Grass\" /> / <psicon pokemon=\"blastoise\" /><psicon type=\"Water\" /> / <psicon pokemon=\"miltank\" /><psicon type=\"Normal\" />\n|teampreview\n|c|☆ElysianSoul222|hf\n|c|☆SparksTheNeo|u2\n|c|☆SparksTheNeo|lowkey thought about playing stall\n|c|☆SparksTheNeo|but i was like\n|c|☆SparksTheNeo|i wanna buy legends za\n|c|☆SparksTheNeo|so fuck it we going full offense\n|c|☆ElysianSoul222|:fire:\n|c|☆SparksTheNeo|whatever happens happens\n|\n|t:|1760717547\n|teamsize|p1|6\n|teamsize|p2|6\n|start\n|switch|p1a: Ogerpon|Ogerpon-Wellspring, F|100/100\n|switch|p2a: Dragapult|Dragapult, F|100/100\n|turn|1\n|c|☆SparksTheNeo|when did ogerpon sprite look like this lmao\n|c|☆ElysianSoul222|today lol\n|c|☆SparksTheNeo|neat\n|\n|t:|1760717600\n|switch|p1a: Comfey|Comfey, M|100/100\n|move|p2a: Dragapult|U-turn|p1a: Comfey\n|-resisted|p1a: Comfey\n|-crit|p1a: Comfey\n|-damage|p1a: Comfey|75/100\n|\n|t:|1760717613\n|switch|p2a: Melmetal|Melmetal|100/100|[from] U-turn\n|\n|upkeep\n|turn|2\n|\n|t:|1760717631\n|move|p1a: Comfey|U-turn|p2a: Melmetal\n|-resisted|p2a: Melmetal\n|-damage|p2a: Melmetal|98/100\n|\n|t:|1760717634\n|switch|p1a: Ditto|Ditto|100/100|[from] U-turn\n|-transform|p1a: Ditto|p2a: Melmetal|[from] ability: Imposter\n|move|p2a: Melmetal|Thunder Wave|p1a: Ditto\n|-status|p1a: Ditto|par\n|\n|upkeep\n|turn|3\n|\n|t:|1760717656\n|switch|p2a: Miltank|Miltank, F|100/100\n|move|p1a: Ditto|Earthquake|p2a: Miltank\n|-crit|p2a: Miltank\n|-damage|p2a: Miltank|47/100\n|\n|-heal|p2a: Miltank|53/100|[from] item: Leftovers\n|upkeep\n|turn|4\n|\n|t:|1760717675\n|switch|p1a: Skarmory|Skarmory, M|100/100\n|move|p2a: Miltank|Milk Drink|p2a: Miltank\n|-heal|p2a: Miltank|100/100\n|\n|upkeep\n|turn|5\n|\n|t:|1760717684\n|move|p2a: Miltank|Stealth Rock|p1a: Skarmory\n|-sidestart|p1: SparksTheNeo|move: Stealth Rock\n|move|p1a: Skarmory|Toxic|p2a: Miltank\n|-status|p2a: Miltank|tox\n|\n|-damage|p2a: Miltank|94/100 tox|[from] psn\n|upkeep\n|turn|6\n|\n|t:|1760717698\n|switch|p2a: Melmetal|Melmetal|98/100\n|move|p1a: Skarmory|Defog|p2a: Melmetal\n|-unboost|p2a: Melmetal|evasion|1\n|-sideend|p1: SparksTheNeo|Stealth Rock|[from] move: Defog|[of] p1a: Skarmory\n|\n|upkeep\n|turn|7\n|\n|t:|1760717707\n|switch|p1a: Ogerpon|Ogerpon-Wellspring, F|100/100\n|move|p2a: Melmetal|Thunder Punch|p1a: Ogerpon\n|-crit|p1a: Ogerpon\n|-damage|p1a: Ogerpon|26/100\n|\n|upkeep\n|turn|8\n|j| NottaDoc\n|\n|t:|1760717724\n|move|p1a: Ogerpon|Knock Off|p2a: Melmetal\n|-damage|p2a: Melmetal|78/100\n|-enditem|p2a: Melmetal|Punching Glove|[from] move: Knock Off|[of] p1a: Ogerpon\n|move|p2a: Melmetal|Thunder Punch|p1a: Ogerpon\n|-damage|p1a: Ogerpon|0 fnt\n|faint|p1a: Ogerpon\n|\n|upkeep\n|\n|t:|1760717736\n|switch|p1a: Ditto|Ditto|100/100 par\n|-transform|p1a: Ditto|p2a: Melmetal|[from] ability: Imposter\n|turn|9\n|\n|t:|1760717772\n|switch|p2a: Miltank|Miltank, F|94/100 tox\n|move|p1a: Ditto|Earthquake|p2a: Miltank\n|-damage|p2a: Miltank|62/100 tox\n|\n|-heal|p2a: Miltank|68/100 tox|[from] item: Leftovers\n|-damage|p2a: Miltank|62/100 tox|[from] psn\n|upkeep\n|turn|10\n|\n|t:|1760717781\n|switch|p1a: Mr. Rime-Prime|Mr. Rime-Prime, M|100/100\n|move|p2a: Miltank|Stealth Rock|p1a: Mr. Rime-Prime\n|-sidestart|p1: SparksTheNeo|move: Stealth Rock\n|\n|-heal|p2a: Miltank|68/100 tox|[from] item: Leftovers\n|-damage|p2a: Miltank|56/100 tox|[from] psn\n|upkeep\n|turn|11\n|\n|t:|1760717786\n|move|p1a: Mr. Rime-Prime|Rapid Spin|p2a: Miltank\n|-damage|p2a: Miltank|47/100 tox\n|-boost|p1a: Mr. Rime-Prime|spe|1\n|-sideend|p1: SparksTheNeo|Stealth Rock|[from] move: Rapid Spin|[of] p1a: Mr. Rime-Prime\n|move|p2a: Miltank|Facade|p1a: Mr. Rime-Prime\n|-damage|p1a: Mr. Rime-Prime|59/100\n|\n|-heal|p2a: Miltank|53/100 tox|[from] item: Leftovers\n|-damage|p2a: Miltank|35/100 tox|[from] psn\n|upkeep\n|turn|12\n|\n|t:|1760717800\n|move|p1a: Mr. Rime-Prime|Nasty Plot|p1a: Mr. Rime-Prime\n|-boost|p1a: Mr. Rime-Prime|spa|2\n|move|p2a: Miltank|Milk Drink|p2a: Miltank\n|-heal|p2a: Miltank|85/100 tox\n|\n|-heal|p2a: Miltank|91/100 tox|[from] item: Leftovers\n|-damage|p2a: Miltank|67/100 tox|[from] psn\n|upkeep\n|turn|13\n|\n|t:|1760717805\n|move|p1a: Mr. Rime-Prime|Nasty Plot|p1a: Mr. Rime-Prime\n|-boost|p1a: Mr. Rime-Prime|spa|2\n|move|p2a: Miltank|Seismic Toss|p1a: Mr. Rime-Prime\n|-damage|p1a: Mr. Rime-Prime|30/100\n|\n|-heal|p2a: Miltank|73/100 tox|[from] item: Leftovers\n|-damage|p2a: Miltank|42/100 tox|[from] psn\n|upkeep\n|turn|14\n|\n|t:|1760717848\n|move|p1a: Mr. Rime-Prime|Freeze-Dry|p2a: Miltank\n|-damage|p2a: Miltank|0 fnt\n|faint|p2a: Miltank\n|\n|upkeep\n|\n|t:|1760717851\n|switch|p2a: Iron Valiant|Iron Valiant|100/100\n|turn|15\n|\n|t:|1760717860\n|move|p2a: Iron Valiant|Close Combat|p1a: Mr. Rime-Prime\n|-damage|p1a: Mr. Rime-Prime|0 fnt\n|-unboost|p2a: Iron Valiant|def|1\n|-unboost|p2a: Iron Valiant|spd|1\n|faint|p1a: Mr. Rime-Prime\n|\n|upkeep\n|c|☆SparksTheNeo|oh what the, le scarf valiant\n|\n|t:|1760717889\n|switch|p1a: Ditto|Ditto|100/100 par\n|-transform|p1a: Ditto|p2a: Iron Valiant|[from] ability: Imposter\n|turn|16\n|\n|t:|1760717921\n|move|p2a: Iron Valiant|Close Combat|p1a: Ditto\n|-resisted|p1a: Ditto\n|-damage|p1a: Ditto|53/100 par\n|-unboost|p2a: Iron Valiant|def|1\n|-unboost|p2a: Iron Valiant|spd|1\n|move|p1a: Ditto|Close Combat|p2a: Iron Valiant\n|-resisted|p2a: Iron Valiant\n|-damage|p2a: Iron Valiant|37/100\n|-unboost|p1a: Ditto|def|1\n|-unboost|p1a: Ditto|spd|1\n|\n|upkeep\n|turn|17\n|\n|t:|1760717929\n|-end|p1a: Ditto|Quark Drive|[silent]\n|switch|p1a: Comfey|Comfey, M|75/100\n|move|p2a: Iron Valiant|Close Combat|p1a: Comfey\n|-resisted|p1a: Comfey\n|-damage|p1a: Comfey|34/100\n|-unboost|p2a: Iron Valiant|def|1\n|-unboost|p2a: Iron Valiant|spd|1\n|\n|upkeep\n|turn|18\n|\n|t:|1760717935\n|-end|p2a: Iron Valiant|Quark Drive|[silent]\n|switch|p2a: Melmetal|Melmetal|78/100\n|move|p1a: Comfey|Draining Kiss|p2a: Melmetal\n|-resisted|p2a: Melmetal\n|-damage|p2a: Melmetal|64/100\n|-heal|p1a: Comfey|53/100|[from] drain|[of] p2a: Melmetal\n|\n|upkeep\n|turn|19\n|\n|t:|1760717948\n|switch|p1a: Skarmory|Skarmory, M|100/100\n|move|p2a: Melmetal|Thunder Punch|p1a: Skarmory\n|-supereffective|p1a: Skarmory\n|-damage|p1a: Skarmory|54/100\n|\n|upkeep\n|turn|20\n|\n|t:|1760717955\n|move|p1a: Skarmory|Roost|p1a: Skarmory\n|-heal|p1a: Skarmory|100/100\n|-singleturn|p1a: Skarmory|move: Roost\n|move|p2a: Melmetal|Thunder Wave|p1a: Skarmory|[miss]\n|-miss|p2a: Melmetal|p1a: Skarmory\n|\n|upkeep\n|turn|21\n|\n|t:|1760717962\n|move|p1a: Skarmory|Iron Head|p2a: Melmetal\n|-resisted|p2a: Melmetal\n|-damage|p2a: Melmetal|58/100\n|move|p2a: Melmetal|Thunder Punch|p1a: Skarmory\n|-supereffective|p1a: Skarmory\n|-damage|p1a: Skarmory|58/100\n|\n|upkeep\n|turn|22\n|\n|t:|1760717973\n|move|p1a: Skarmory|Iron Head|p2a: Melmetal\n|-resisted|p2a: Melmetal\n|-damage|p2a: Melmetal|52/100\n|move|p2a: Melmetal|Thunder Wave|p1a: Skarmory\n|-status|p1a: Skarmory|par\n|\n|upkeep\n|turn|23\n|\n|t:|1760717978\n|move|p2a: Melmetal|Thunder Punch|p1a: Skarmory\n|-supereffective|p1a: Skarmory\n|-damage|p1a: Skarmory|14/100 par\n|move|p1a: Skarmory|Roost|p1a: Skarmory\n|-heal|p1a: Skarmory|64/100 par\n|-singleturn|p1a: Skarmory|move: Roost\n|\n|upkeep\n|turn|24\n|\n|t:|1760717985\n|move|p2a: Melmetal|Double Iron Bash|p1a: Skarmory\n|-resisted|p1a: Skarmory\n|-damage|p1a: Skarmory|50/100 par\n|-resisted|p1a: Skarmory\n|-damage|p1a: Skarmory|37/100 par\n|-hitcount|p1a: Skarmory|2\n|cant|p1a: Skarmory|flinch\n|\n|upkeep\n|turn|25\n|\n|t:|1760717993\n|move|p2a: Melmetal|Thunder Punch|p1a: Skarmory\n|-supereffective|p1a: Skarmory\n|-crit|p1a: Skarmory\n|-damage|p1a: Skarmory|0 fnt\n|faint|p1a: Skarmory\n|\n|upkeep\n|\n|t:|1760718013\n|switch|p1a: Ditto|Ditto|53/100 par\n|-transform|p1a: Ditto|p2a: Melmetal|[from] ability: Imposter\n|turn|26\n|\n|t:|1760718023\n|move|p2a: Melmetal|Earthquake|p1a: Ditto\n|-supereffective|p1a: Ditto\n|-damage|p1a: Ditto|0 fnt\n|faint|p1a: Ditto\n|\n|upkeep\n|\n|t:|1760718028\n|switch|p1a: Comfey|Comfey, M|53/100\n|turn|27\n|\n|t:|1760718033\n|move|p1a: Comfey|Draining Kiss|p2a: Melmetal\n|-resisted|p2a: Melmetal\n|-crit|p2a: Melmetal\n|-damage|p2a: Melmetal|32/100\n|-heal|p1a: Comfey|83/100|[from] drain|[of] p2a: Melmetal\n|move|p2a: Melmetal|Double Iron Bash|p1a: Comfey\n|-supereffective|p1a: Comfey\n|-damage|p1a: Comfey|0 fnt\n|faint|p1a: Comfey\n|-hitcount|p1: Comfey|1\n|\n|upkeep\n|\n|t:|1760718038\n|switch|p1a: Iron Thorns-Prime|Iron Thorns-Prime|100/100\n|-weather|Sandstorm|[from] ability: Sand Stream|[of] p1a: Iron Thorns-Prime\n|turn|28\n|\n|t:|1760718042\n|move|p1a: Iron Thorns-Prime|Shift Gear|p1a: Iron Thorns-Prime\n|-boost|p1a: Iron Thorns-Prime|spe|2\n|-boost|p1a: Iron Thorns-Prime|atk|1\n|move|p2a: Melmetal|Earthquake|p1a: Iron Thorns-Prime\n|-supereffective|p1a: Iron Thorns-Prime\n|-enditem|p1a: Iron Thorns-Prime|Shuca Berry|[eat]\n|-enditem|p1a: Iron Thorns-Prime|Shuca Berry|[weaken]\n|-damage|p1a: Iron Thorns-Prime|38/100\n|\n|-weather|Sandstorm|[upkeep]\n|upkeep\n|turn|29\n|\n|t:|1760718129\n|move|p1a: Iron Thorns-Prime|Diamond Storm|p2a: Melmetal\n|-resisted|p2a: Melmetal\n|-damage|p2a: Melmetal|4/100\n|-boost|p1a: Iron Thorns-Prime|def|2\n|move|p2a: Melmetal|Double Iron Bash|p1a: Iron Thorns-Prime\n|-damage|p1a: Iron Thorns-Prime|22/100\n|-damage|p1a: Iron Thorns-Prime|5/100\n|-hitcount|p1a: Iron Thorns-Prime|2\n|\n|-weather|Sandstorm|[upkeep]\n|upkeep\n|turn|30\n|c|☆SparksTheNeo|thought u were gonna tera\n|c|☆SparksTheNeo|gulp 50/50\n|c|☆ElysianSoul222|ngl\n|c|☆ElysianSoul222|I forgot I can tera lol\n|\n|t:|1760718173\n|move|p1a: Iron Thorns-Prime|Plasma Fists|p2a: Melmetal\n|-damage|p2a: Melmetal|0 fnt\n|-fieldactivate|move: Ion Deluge\n|-hint|Normal-type moves become Electric-type after using Plasma Fists.\n|faint|p2a: Melmetal\n|\n|-weather|Sandstorm|[upkeep]\n|upkeep\n|c|☆SparksTheNeo|LOL\n|\n|t:|1760718181\n|switch|p2a: Iron Valiant|Iron Valiant|37/100\n|turn|31\n|\n|t:|1760718186\n|move|p1a: Iron Thorns-Prime|Plasma Fists|p2a: Iron Valiant\n|-damage|p2a: Iron Valiant|0 fnt\n|-fieldactivate|move: Ion Deluge\n|-hint|Normal-type moves become Electric-type after using Plasma Fists.\n|faint|p2a: Iron Valiant\n|-end|p2a: Iron Valiant|Quark Drive|[silent]\n|\n|-weather|Sandstorm|[upkeep]\n|upkeep\n|\n|t:|1760718188\n|switch|p2a: Mandibuzz-Prime|Mandibuzz-Prime, F|100/100\n|turn|32\n|\n|t:|1760718195\n|move|p1a: Iron Thorns-Prime|Plasma Fists|p2a: Mandibuzz-Prime\n|-supereffective|p2a: Mandibuzz-Prime\n|-damage|p2a: Mandibuzz-Prime|5/100\n|-fieldactivate|move: Ion Deluge\n|-hint|Normal-type moves become Electric-type after using Plasma Fists.\n|move|p2a: Mandibuzz-Prime|Foul Play|p1a: Iron Thorns-Prime\n|-damage|p1a: Iron Thorns-Prime|0 fnt\n|faint|p1a: Iron Thorns-Prime\n|\n|win|ElysianSoul222\n|c|☆SparksTheNeo|gg\n|c|☆ElysianSoul222|gg\n","players":["SparksTheNeo","ElysianSoul222"],"format":"[Gen 9] NatDex Draft","rating":null,"private":0,"password":null,"inputlog":">version 266cd7969f11373d44307dd452d2e51e08c39070\n>start {\"formatid\":\"gen9natdexdraft@@@Tera Type Preview\",\"seed\":\"sodium,60b6f8d70d2fc917e98c3548efd193f6\"}\n>player p1 {\"name\":\"SparksTheNeo\",\"avatar\":\"169\",\"team\":\"Iron Thorns-Prime||ShucaBerry|SandStream|ShiftGear,PlasmaFists,Earthquake,DiamondStorm|Adamant|,252,,,4,252|N||||,,,,,Rock]Mr. Rime-Prime||LumBerry|Prankster|RapidSpin,NastyPlot,FocusBlast,FreezeDry|Timid|,,,252,4,252|M||||,,,,,Ice]Ditto||ChoiceScarf|Imposter|Transform||252,,,,,|N|,30,,,,|||,,,,,Fairy]Ogerpon|OgerponWellspring|WellspringMask|WaterAbsorb|HornLeech,IvyCudgel,Uturn,KnockOff|Jolly|,252,,,4,252|F||||,Poison,,,,Water]Comfey||ChoiceSpecs|Triage|DrainingKiss,GigaDrain,Uturn,Defog|Timid|,,,252,4,252|M||||,,,,,Fairy]Skarmory||HeavyDutyBoots|Sturdy|IronHead,Defog,Roost,Toxic|Impish|252,,232,,,24|M||||,,,,,Dark\",\"rating\":0}\n>player p2 {\"name\":\"ElysianSoul222\",\"avatar\":\"skierf\",\"team\":\"Dragapult||SpellTag|Infiltrator|Uturn,ShadowBall,PhantomForce,DragonDarts|Naive|,144,,204,,160|F||||,,,,,Dragon]Mandibuzz-Prime||Leftovers|ThickFat|IronDefense,BodyPress,Roost,FoulPlay|Bold|252,,252,,,4|F|,0,,,,|||,,,,,Dark]Iron Valiant||ChoiceScarf|QuarkDrive|Moonblast,CloseCombat,Thunderbolt,DestinyBond|Naive|,4,,252,,252|N||||,,,,,Fairy]Melmetal||PunchingGlove|IronFist|DoubleIronBash,ThunderPunch,Earthquake,ThunderWave|Adamant|248,252,,,,8|N||||,,,,,Grass]Blastoise||Blastoisinite|Torrent|Scald,RapidSpin,DarkPulse,SignalBeam|Modest|88,,,252,,168|F||||,,,,,Water]Miltank||Leftovers|Scrappy|StealthRock,Facade,MilkDrink,SeismicToss|Careful|248,,,,252,8|F||||,,,,,Normal\",\"rating\":0}\n>chat ☆ElysianSoul222|hf\n>chat ☆SparksTheNeo|u2\n>chat ☆SparksTheNeo|lowkey thought about playing stall\n>chat ☆SparksTheNeo|but i was like\n>chat ☆SparksTheNeo|i wanna buy legends za\n>chat ☆SparksTheNeo|so fuck it we going full offense\n>chat ☆ElysianSoul222|:fire:\n>chat ☆SparksTheNeo|whatever happens happens\n>p1 team 4, 2, 3, 1, 5, 6\n>p2 team 1, 2, 3, 4, 5, 6\n>chat ☆SparksTheNeo|when did ogerpon sprite look like this lmao\n>chat ☆ElysianSoul222|today lol\n>chat ☆SparksTheNeo|neat\n>p1 switch 5\n>p2 move uturn\n>p2 switch 4\n>p1 move uturn\n>p2 move thunderwave\n>p1 switch 3\n>p1 move earthquake\n>p2 switch 6\n>p1 switch 6\n>p2 move milkdrink\n>p1 move toxic\n>p2 move stealthrock\n>p1 move defog\n>p2 switch 6\n>p1 switch 5\n>p2 move thunderpunch\n>p1 move knockoff\n>p2 move thunderpunch\n>p1 switch 6\n>p1 move earthquake\n>p2 switch 6\n>p1 switch 2\n>p2 move stealthrock\n>p1 move rapidspin\n>p2 move facade\n>p1 move nastyplot\n>p2 move milkdrink\n>p1 move nastyplot\n>p2 move seismictoss\n>p1 move freezedry\n>p2 move seismictoss\n>p2 switch 3\n>p1 move freezedry\n>p2 move closecombat\n>chat ☆SparksTheNeo|oh what the, le scarf valiant\n>p1 switch 2\n>p1 move closecombat\n>p2 move closecombat\n>p1 switch 3\n>p2 move closecombat\n>p1 move drainingkiss\n>p2 switch 6\n>p1 switch 5\n>p2 move thunderpunch\n>p1 move roost\n>p2 move thunderwave\n>p1 move ironhead\n>p2 move thunderpunch\n>p1 move ironhead\n>p2 move thunderwave\n>p1 move roost\n>p2 move thunderpunch\n>p1 move roost\n>p2 move doubleironbash\n>p1 move roost\n>p2 move thunderpunch\n>p1 switch 3\n>p1 move doubleironbash\n>p2 move earthquake\n>p1 switch 5\n>p1 move drainingkiss\n>p2 move doubleironbash\n>p1 switch 4\n>p1 move shiftgear\n>p2 move earthquake\n>p1 move diamondstorm\n>p2 move doubleironbash\n>chat ☆SparksTheNeo|thought u were gonna tera\n>chat ☆SparksTheNeo|gulp 50/50\n>chat ☆ElysianSoul222|ngl\n>chat ☆ElysianSoul222|I forgot I can tera lol\n>p1 move plasmafists\n>p2 move thunderpunch\n>chat ☆SparksTheNeo|LOL\n>p2 switch 6\n>p1 move plasmafists\n>p2 move closecombat\n>p2 switch 2\n>p1 move plasmafists\n>p2 move foulplay","uploadtime":1760718208}