{"id":"gen9natdexdraft-50","log":"|j|☆SparksTheNeo\n|j|☆frogadierducklett\n|t:|1759886560\n|gametype|singles\n|player|p1|SparksTheNeo|170|\n|player|p2|frogadierducklett|102|\n|gen|9\n|tier|[Gen 9] NatDex Draft\n|rule|Tera Type Preview: Tera Types are shown at Team Preview\n|rule|Sleep Clause Mod: Limit one foe put to sleep\n|rule|OHKO Clause: OHKO moves are banned\n|rule|Evasion Clause: Evasion abilities, items, and moves are banned\n|rule|Evasion Abilities Clause: Evasion abilities are banned\n|rule|Evasion Items Clause: Evasion items are banned\n|rule|Evasion Moves Clause: Evasion moves are banned\n|rule|Endless Battle Clause: Forcing endless battles is banned\n|rule|HP Percentage Mod: HP is shown in percentages\n|raw|<div class=\"infobox\"><details class=\"readmore\" open><summary><strong>1 custom rule:</strong></summary> Tera Type Preview</details></div>\n|clearpoke\n|poke|p1|Mr. Rime-Prime, M|\n|poke|p1|Ogerpon-Wellspring, F|\n|poke|p1|Skarmory, F|\n|poke|p1|Iron Thorns-Prime|\n|poke|p1|Spectrier|\n|poke|p1|Mudsdale, M|\n|poke|p2|Kommo-o, F|\n|poke|p2|Charizard-Prime, M|\n|poke|p2|Swampert-Prime, F|\n|poke|p2|Hydrapple, F|\n|poke|p2|Iron Treads|\n|poke|p2|Deoxys-Speed|\n|raw|SparksTheNeo's Tera Types:<br /><psicon pokemon=\"mrrimeprime\" /><psicon type=\"Ice\" /> / <psicon pokemon=\"ogerponwellspring\" /><psicon type=\"Water\" /> / <psicon pokemon=\"skarmory\" /><psicon type=\"Water\" /> / <psicon pokemon=\"ironthornsprime\" /><psicon type=\"Rock\" /> / <psicon pokemon=\"spectrier\" /><psicon type=\"Ghost\" /> / <psicon pokemon=\"mudsdale\" /><psicon type=\"Ground\" />\n|raw|frogadierducklett's Tera Types:<br /><psicon pokemon=\"kommoo\" /><psicon type=\"Fire\" /> / <psicon pokemon=\"charizardprime\" /><psicon type=\"Fire\" /> / <psicon pokemon=\"swampertprime\" /><psicon type=\"Water\" /> / <psicon pokemon=\"hydrapple\" /><psicon type=\"Grass\" /> / <psicon pokemon=\"irontreads\" /><psicon type=\"Ground\" /> / <psicon pokemon=\"deoxysspeed\" /><psicon type=\"Psychic\" />\n|teampreview\n|c|☆SparksTheNeo|glhf\n|c|☆frogadierducklett|Glhf!\n|j| The_Shawdoin\n|\n|t:|1759886603\n|teamsize|p1|6\n|teamsize|p2|6\n|start\n|switch|p1a: Ogerpon|Ogerpon-Wellspring, F|100/100\n|switch|p2a: Swampert-Prime|Swampert-Prime, F|100/100\n|turn|1\n|\n|t:|1759886621\n|switch|p2a: Hydrapple|Hydrapple, F|100/100\n|move|p1a: Ogerpon|Play Rough|p2a: Hydrapple\n|-supereffective|p2a: Hydrapple\n|-damage|p2a: Hydrapple|62/100\n|-damage|p1a: Ogerpon|84/100|[from] item: Rocky Helmet|[of] p2a: Hydrapple\n|\n|upkeep\n|turn|2\n|\n|t:|1759886639\n|move|p1a: Ogerpon|Spiky Shield|p1a: Ogerpon\n|-singleturn|p1a: Ogerpon|move: Protect\n|move|p2a: Hydrapple|Fickle Beam|p1a: Ogerpon\n|-activate|p1a: Ogerpon|move: Protect\n|\n|upkeep\n|turn|3\n|\n|t:|1759886643\n|switch|p1a: Iron Thorns-Prime|Iron Thorns-Prime|100/100\n|-weather|Sandstorm|[from] ability: Sand Stream|[of] p1a: Iron Thorns-Prime\n|move|p2a: Hydrapple|Fickle Beam|p1a: Iron Thorns-Prime\n|-damage|p1a: Iron Thorns-Prime|89/100\n|\n|-weather|Sandstorm|[upkeep]\n|-damage|p2a: Hydrapple|56/100|[from] Sandstorm\n|-heal|p1a: Iron Thorns-Prime|95/100|[from] item: Leftovers\n|upkeep\n|turn|4\n|\n|t:|1759886654\n|switch|p2a: Swampert-Prime|Swampert-Prime, F|100/100\n|move|p1a: Iron Thorns-Prime|Spikes|p2a: Swampert-Prime\n|-sidestart|p2: frogadierducklett|Spikes\n|\n|-weather|Sandstorm|[upkeep]\n|-heal|p1a: Iron Thorns-Prime|100/100|[from] item: Leftovers\n|upkeep\n|turn|5\n|\n|t:|1759886666\n|switch|p1a: Ogerpon|Ogerpon-Wellspring, F|84/100\n|move|p2a: Swampert-Prime|Stealth Rock|p1a: Ogerpon\n|-sidestart|p1: SparksTheNeo|move: Stealth Rock\n|\n|-weather|Sandstorm|[upkeep]\n|-damage|p1a: Ogerpon|78/100|[from] Sandstorm\n|upkeep\n|turn|6\n|\n|t:|1759886684\n|switch|p1a: Mr. Rime-Prime|Mr. Rime-Prime, M|100/100\n|switch|p2a: Hydrapple|Hydrapple, F|89/100\n|-damage|p2a: Hydrapple|77/100|[from] Spikes\n|\n|-weather|Sandstorm|[upkeep]\n|-damage|p1a: Mr. Rime-Prime|94/100|[from] Sandstorm\n|-damage|p2a: Hydrapple|71/100|[from] Sandstorm\n|upkeep\n|turn|7\n|\n|t:|1759886695\n|switch|p2a: Iron Treads|Iron Treads|100/100\n|-damage|p2a: Iron Treads|88/100|[from] Spikes\n|move|p1a: Mr. Rime-Prime|Rapid Spin|p2a: Iron Treads\n|-resisted|p2a: Iron Treads\n|-damage|p2a: Iron Treads|83/100\n|-boost|p1a: Mr. Rime-Prime|spe|1\n|-sideend|p1: SparksTheNeo|Stealth Rock|[from] move: Rapid Spin|[of] p1a: Mr. Rime-Prime\n|\n|-weather|none\n|upkeep\n|turn|8\n|\n|t:|1759886729\n|switch|p1a: Spectrier|Spectrier|100/100\n|move|p2a: Iron Treads|Knock Off|p1a: Spectrier\n|-supereffective|p1a: Spectrier\n|-enditem|p1a: Spectrier|Colbur Berry|[eat]\n|-enditem|p1a: Spectrier|Colbur Berry|[weaken]\n|-damage|p1a: Spectrier|58/100\n|\n|upkeep\n|turn|9\n|\n|t:|1759886746\n|move|p1a: Spectrier|Will-O-Wisp|p2a: Iron Treads\n|-status|p2a: Iron Treads|brn\n|move|p2a: Iron Treads|Volt Switch|p1a: Spectrier\n|-damage|p1a: Spectrier|44/100\n|\n|t:|1759886765\n|-end|p2a: Iron Treads|Quark Drive|[silent]\n|switch|p2a: Deoxys|Deoxys-Speed|100/100|[from] Volt Switch\n|-damage|p2a: Deoxys|88/100|[from] Spikes\n|-ability|p2a: Deoxys|Pressure\n|\n|upkeep\n|turn|10\n|\n|t:|1759886783\n|switch|p1a: Iron Thorns-Prime|Iron Thorns-Prime|100/100\n|-weather|Sandstorm|[from] ability: Sand Stream|[of] p1a: Iron Thorns-Prime\n|move|p2a: Deoxys|Nasty Plot|p2a: Deoxys\n|-boost|p2a: Deoxys|spa|2\n|\n|-weather|Sandstorm|[upkeep]\n|-damage|p2a: Deoxys|82/100|[from] Sandstorm\n|upkeep\n|turn|11\n|\n|t:|1759886789\n|move|p2a: Deoxys|Focus Blast|p1a: Iron Thorns-Prime\n|-supereffective|p1a: Iron Thorns-Prime\n|-damage|p1a: Iron Thorns-Prime|46/100\n|move|p1a: Iron Thorns-Prime|Plasma Fists|p2a: Deoxys\n|-damage|p2a: Deoxys|23/100\n|-fieldactivate|move: Ion Deluge\n|-hint|Normal-type moves become Electric-type after using Plasma Fists.\n|\n|-weather|Sandstorm|[upkeep]\n|-damage|p2a: Deoxys|17/100|[from] Sandstorm\n|-heal|p1a: Iron Thorns-Prime|52/100|[from] item: Leftovers\n|upkeep\n|turn|12\n|\n|t:|1759886814\n|move|p2a: Deoxys|Focus Blast|p1a: Iron Thorns-Prime\n|-supereffective|p1a: Iron Thorns-Prime\n|-damage|p1a: Iron Thorns-Prime|2/100\n|move|p1a: Iron Thorns-Prime|Plasma Fists|p2a: Deoxys\n|-damage|p2a: Deoxys|0 fnt\n|-fieldactivate|move: Ion Deluge\n|-hint|Normal-type moves become Electric-type after using Plasma Fists.\n|faint|p2a: Deoxys\n|\n|-weather|Sandstorm|[upkeep]\n|-heal|p1a: Iron Thorns-Prime|8/100|[from] item: Leftovers\n|upkeep\n|c|☆SparksTheNeo|sheesh\n|\n|t:|1759886842\n|switch|p2a: Charizard-Prime|Charizard-Prime, M|100/100\n|turn|13\n|\n|t:|1759886851\n|switch|p1a: Mudsdale|Mudsdale, M|100/100\n|move|p2a: Charizard-Prime|Earthquake|p1a: Mudsdale\n|-damage|p1a: Mudsdale|81/100\n|-ability|p1a: Mudsdale|Stamina|boost\n|-boost|p1a: Mudsdale|def|1\n|\n|-weather|Sandstorm|[upkeep]\n|-damage|p2a: Charizard-Prime|94/100|[from] Sandstorm\n|-heal|p1a: Mudsdale|87/100|[from] item: Leftovers\n|upkeep\n|turn|14\n|\n|t:|1759886859\n|switch|p2a: Hydrapple|Hydrapple, F|100/100\n|-damage|p2a: Hydrapple|88/100|[from] Spikes\n|move|p1a: Mudsdale|Toxic|p2a: Hydrapple|[miss]\n|-miss|p1a: Mudsdale|p2a: Hydrapple\n|\n|-weather|none\n|-heal|p1a: Mudsdale|93/100|[from] item: Leftovers\n|upkeep\n|turn|15\n|c|☆SparksTheNeo|NOOO\n|\n|t:|1759886871\n|switch|p1a: Skarmory|Skarmory, F|100/100\n|move|p2a: Hydrapple|Nasty Plot|p2a: Hydrapple\n|-boost|p2a: Hydrapple|spa|2\n|\n|upkeep\n|turn|16\n|\n|t:|1759886878\n|move|p1a: Skarmory|Toxic|p2a: Hydrapple\n|-status|p2a: Hydrapple|tox\n|move|p2a: Hydrapple|Fickle Beam|p1a: Skarmory\n|-resisted|p1a: Skarmory\n|-damage|p1a: Skarmory|57/100\n|\n|-damage|p2a: Hydrapple|82/100 tox|[from] psn\n|upkeep\n|turn|17\n|\n|t:|1759886890\n|switch|p2a: Swampert-Prime|Swampert-Prime, F|100/100\n|-damage|p2a: Swampert-Prime|88/100|[from] Spikes\n|move|p1a: Skarmory|Roost|p1a: Skarmory\n|-heal|p1a: Skarmory|100/100\n|-singleturn|p1a: Skarmory|move: Roost\n|\n|upkeep\n|turn|18\n|\n|t:|1759886894\n|move|p2a: Swampert-Prime|Stealth Rock|p1a: Skarmory\n|-sidestart|p1: SparksTheNeo|move: Stealth Rock\n|move|p1a: Skarmory|Toxic|p2a: Swampert-Prime\n|-status|p2a: Swampert-Prime|tox\n|\n|-damage|p2a: Swampert-Prime|82/100 tox|[from] psn\n|upkeep\n|turn|19\n|\n|t:|1759886898\n|move|p2a: Swampert-Prime|Knock Off|p1a: Skarmory\n|-damage|p1a: Skarmory|86/100\n|-enditem|p1a: Skarmory|Heavy-Duty Boots|[from] move: Knock Off|[of] p2a: Swampert-Prime\n|move|p1a: Skarmory|Defog|p2a: Swampert-Prime\n|-unboost|p2a: Swampert-Prime|evasion|1\n|-sideend|p2: frogadierducklett|Spikes|[from] move: Defog|[of] p1a: Skarmory\n|-sideend|p1: SparksTheNeo|Stealth Rock|[from] move: Defog|[of] p1a: Skarmory\n|\n|-damage|p2a: Swampert-Prime|69/100 tox|[from] psn\n|upkeep\n|turn|20\n|\n|t:|1759886911\n|move|p2a: Swampert-Prime|Stealth Rock|p1a: Skarmory\n|-sidestart|p1: SparksTheNeo|move: Stealth Rock\n|move|p1a: Skarmory|Toxic|p2a: Swampert-Prime\n|-fail|p2a: Swampert-Prime|tox\n|\n|-damage|p2a: Swampert-Prime|51/100 tox|[from] psn\n|upkeep\n|turn|21\n|\n|t:|1759886915\n|move|p2a: Swampert-Prime|Flip Turn|p1a: Skarmory\n|-damage|p1a: Skarmory|72/100\n|\n|t:|1759886940\n|switch|p2a: Charizard-Prime|Charizard-Prime, M|94/100|[from] Flip Turn\n|move|p1a: Skarmory|Defog|p2a: Charizard-Prime\n|-unboost|p2a: Charizard-Prime|evasion|1\n|-sideend|p1: SparksTheNeo|Stealth Rock|[from] move: Defog|[of] p1a: Skarmory\n|\n|upkeep\n|turn|22\n|\n|t:|1759886945\n|switch|p1a: Mudsdale|Mudsdale, M|93/100\n|move|p2a: Charizard-Prime|Flamethrower|p1a: Mudsdale\n|-damage|p1a: Mudsdale|60/100\n|-ability|p1a: Mudsdale|Stamina|boost\n|-boost|p1a: Mudsdale|def|1\n|\n|-heal|p1a: Mudsdale|67/100|[from] item: Leftovers\n|upkeep\n|turn|23\n|\n|t:|1759886955\n|switch|p2a: Hydrapple|Hydrapple, F|100/100 tox\n|move|p1a: Mudsdale|Rock Slide|p2a: Hydrapple\n|-damage|p2a: Hydrapple|89/100 tox\n|\n|-heal|p1a: Mudsdale|73/100|[from] item: Leftovers\n|-damage|p2a: Hydrapple|83/100 tox|[from] psn\n|upkeep\n|turn|24\n|\n|t:|1759886969\n|switch|p1a: Skarmory|Skarmory, F|72/100\n|move|p2a: Hydrapple|Nasty Plot|p2a: Hydrapple\n|-boost|p2a: Hydrapple|spa|2\n|\n|-damage|p2a: Hydrapple|71/100 tox|[from] psn\n|upkeep\n|turn|25\n|\n|t:|1759886974\n|move|p1a: Skarmory|Body Press|p2a: Hydrapple\n|-damage|p2a: Hydrapple|54/100 tox\n|-damage|p1a: Skarmory|55/100|[from] item: Rocky Helmet|[of] p2a: Hydrapple\n|move|p2a: Hydrapple|Fickle Beam|p1a: Skarmory\n|-resisted|p1a: Skarmory\n|-damage|p1a: Skarmory|11/100\n|\n|-damage|p2a: Hydrapple|36/100 tox|[from] psn\n|upkeep\n|turn|26\n|\n|t:|1759886981\n|switch|p2a: Kommo-o|Kommo-o, F|100/100\n|move|p1a: Skarmory|Roost|p1a: Skarmory\n|-heal|p1a: Skarmory|61/100\n|-singleturn|p1a: Skarmory|move: Roost\n|\n|upkeep\n|turn|27\n|\n|t:|1759886992\n|move|p2a: Kommo-o|Substitute|p2a: Kommo-o\n|-start|p2a: Kommo-o|Substitute\n|-damage|p2a: Kommo-o|76/100\n|move|p1a: Skarmory|Toxic||[still]\n|-fail|p1a: Skarmory\n|\n|upkeep\n|turn|28\n|\n|t:|1759886997\n|move|p2a: Kommo-o|Dragon Dance|p2a: Kommo-o\n|-boost|p2a: Kommo-o|atk|1\n|-boost|p2a: Kommo-o|spe|1\n|move|p1a: Skarmory|Body Press|p2a: Kommo-o\n|-end|p2a: Kommo-o|Substitute\n|\n|upkeep\n|turn|29\n|\n|t:|1759887006\n|-terastallize|p2a: Kommo-o|Fire\n|move|p2a: Kommo-o|Fire Punch|p1a: Skarmory\n|-supereffective|p1a: Skarmory\n|-damage|p1a: Skarmory|0 fnt\n|faint|p1a: Skarmory\n|\n|upkeep\n|\n|t:|1759887020\n|switch|p1a: Mudsdale|Mudsdale, M|73/100\n|turn|30\n|\n|t:|1759887025\n|switch|p2a: Hydrapple|Hydrapple, F|69/100 tox\n|move|p1a: Mudsdale|Earthquake|p2a: Hydrapple\n|-resisted|p2a: Hydrapple\n|-damage|p2a: Hydrapple|57/100 tox\n|\n|-heal|p1a: Mudsdale|79/100|[from] item: Leftovers\n|-damage|p2a: Hydrapple|51/100 tox|[from] psn\n|upkeep\n|turn|31\n|\n|t:|1759887043\n|switch|p1a: Mr. Rime-Prime|Mr. Rime-Prime, M|94/100\n|move|p2a: Hydrapple|Grass Knot|p1a: Mr. Rime-Prime\n|-crit|p1a: Mr. Rime-Prime\n|-damage|p1a: Mr. Rime-Prime|57/100\n|\n|-damage|p2a: Hydrapple|39/100 tox|[from] psn\n|upkeep\n|turn|32\n|\n|t:|1759887051\n|switch|p2a: Iron Treads|Iron Treads|83/100 brn\n|move|p1a: Mr. Rime-Prime|Lumina Crash|p2a: Iron Treads\n|-resisted|p2a: Iron Treads\n|-damage|p2a: Iron Treads|68/100 brn\n|-unboost|p2a: Iron Treads|spd|2\n|\n|-damage|p2a: Iron Treads|62/100 brn|[from] brn\n|upkeep\n|turn|33\n|\n|t:|1759887073\n|move|p1a: Mr. Rime-Prime|Slack Off|p1a: Mr. Rime-Prime\n|-heal|p1a: Mr. Rime-Prime|100/100\n|move|p2a: Iron Treads|Knock Off|p1a: Mr. Rime-Prime\n|-supereffective|p1a: Mr. Rime-Prime\n|-damage|p1a: Mr. Rime-Prime|76/100\n|-enditem|p1a: Mr. Rime-Prime|Heavy-Duty Boots|[from] move: Knock Off|[of] p2a: Iron Treads\n|\n|-damage|p2a: Iron Treads|56/100 brn|[from] brn\n|upkeep\n|turn|34\n|\n|t:|1759887084\n|move|p2a: Iron Treads|Volt Switch|p1a: Mr. Rime-Prime\n|-damage|p1a: Mr. Rime-Prime|68/100\n|\n|t:|1759887086\n|-end|p2a: Iron Treads|Quark Drive|[silent]\n|switch|p2a: Kommo-o|Kommo-o, F, tera:Fire|76/100|[from] Volt Switch\n|move|p1a: Mr. Rime-Prime|Lumina Crash|p2a: Kommo-o\n|-damage|p2a: Kommo-o|30/100\n|-unboost|p2a: Kommo-o|spd|2\n|\n|upkeep\n|turn|35\n|\n|t:|1759887094\n|switch|p1a: Mudsdale|Mudsdale, M|79/100\n|move|p2a: Kommo-o|Fire Punch|p1a: Mudsdale\n|-damage|p1a: Mudsdale|55/100\n|-ability|p1a: Mudsdale|Stamina|boost\n|-boost|p1a: Mudsdale|def|1\n|\n|-heal|p1a: Mudsdale|61/100|[from] item: Leftovers\n|upkeep\n|turn|36\n|\n|t:|1759887101\n|switch|p2a: Hydrapple|Hydrapple, F|73/100 tox\n|move|p1a: Mudsdale|Stealth Rock|p2a: Hydrapple\n|-sidestart|p2: frogadierducklett|move: Stealth Rock\n|\n|-heal|p1a: Mudsdale|68/100|[from] item: Leftovers\n|-damage|p2a: Hydrapple|67/100 tox|[from] psn\n|upkeep\n|turn|37\n|\n|t:|1759887112\n|switch|p1a: Mr. Rime-Prime|Mr. Rime-Prime, M|68/100\n|move|p2a: Hydrapple|Fickle Beam|p1a: Mr. Rime-Prime\n|-damage|p1a: Mr. Rime-Prime|45/100\n|\n|-damage|p2a: Hydrapple|54/100 tox|[from] psn\n|upkeep\n|turn|38\n|\n|t:|1759887119\n|switch|p2a: Charizard-Prime|Charizard-Prime, M|94/100\n|move|p1a: Mr. Rime-Prime|Slack Off|p1a: Mr. Rime-Prime\n|-heal|p1a: Mr. Rime-Prime|95/100\n|\n|upkeep\n|turn|39\n|\n|t:|1759887125\n|switch|p1a: Mudsdale|Mudsdale, M|68/100\n|move|p2a: Charizard-Prime|Bitter Blade|p1a: Mudsdale\n|-damage|p1a: Mudsdale|45/100\n|-heal|p2a: Charizard-Prime|100/100|[from] drain|[of] p1a: Mudsdale\n|-ability|p1a: Mudsdale|Stamina|boost\n|-boost|p1a: Mudsdale|def|1\n|\n|-heal|p1a: Mudsdale|51/100|[from] item: Leftovers\n|upkeep\n|turn|40\n|\n|t:|1759887134\n|switch|p2a: Swampert-Prime|Swampert-Prime, F|84/100 tox\n|-damage|p2a: Swampert-Prime|78/100 tox|[from] Stealth Rock\n|move|p1a: Mudsdale|Rock Slide|p2a: Swampert-Prime\n|-resisted|p2a: Swampert-Prime\n|-damage|p2a: Swampert-Prime|71/100 tox\n|\n|-heal|p1a: Mudsdale|57/100|[from] item: Leftovers\n|-damage|p2a: Swampert-Prime|65/100 tox|[from] psn\n|upkeep\n|turn|41\n|\n|t:|1759887142\n|switch|p1a: Ogerpon|Ogerpon-Wellspring, F|78/100\n|move|p2a: Swampert-Prime|Stealth Rock|p1a: Ogerpon\n|-sidestart|p1: SparksTheNeo|move: Stealth Rock\n|\n|-damage|p2a: Swampert-Prime|52/100 tox|[from] psn\n|upkeep\n|turn|42\n|\n|t:|1759887150\n|switch|p2a: Hydrapple|Hydrapple, F|88/100 tox\n|-damage|p2a: Hydrapple|75/100 tox|[from] Stealth Rock\n|move|p1a: Ogerpon|Play Rough|p2a: Hydrapple|[miss]\n|-miss|p1a: Ogerpon|p2a: Hydrapple\n|\n|-damage|p2a: Hydrapple|69/100 tox|[from] psn\n|upkeep\n|turn|43\n|\n|t:|1759887163\n|move|p1a: Ogerpon|Play Rough|p2a: Hydrapple\n|-supereffective|p2a: Hydrapple\n|-damage|p2a: Hydrapple|29/100 tox\n|-damage|p1a: Ogerpon|61/100|[from] item: Rocky Helmet|[of] p2a: Hydrapple\n|move|p2a: Hydrapple|Nasty Plot|p2a: Hydrapple\n|-boost|p2a: Hydrapple|spa|2\n|\n|-damage|p2a: Hydrapple|17/100 tox|[from] psn\n|upkeep\n|turn|44\n|\n|t:|1759887177\n|switch|p2a: Charizard-Prime|Charizard-Prime, M|100/100\n|move|p1a: Ogerpon|Play Rough|p2a: Charizard-Prime|[miss]\n|-miss|p1a: Ogerpon|p2a: Charizard-Prime\n|\n|upkeep\n|turn|45\n|\n|t:|1759887186\n|switch|p1a: Mudsdale|Mudsdale, M|57/100\n|-damage|p1a: Mudsdale|51/100|[from] Stealth Rock\n|move|p2a: Charizard-Prime|Dual Wingbeat|p1a: Mudsdale\n|-damage|p1a: Mudsdale|39/100\n|-ability|p1a: Mudsdale|Stamina|boost\n|-boost|p1a: Mudsdale|def|1\n|-damage|p1a: Mudsdale|31/100\n|-ability|p1a: Mudsdale|Stamina|boost\n|-boost|p1a: Mudsdale|def|1\n|-hitcount|p1a: Mudsdale|2\n|\n|-heal|p1a: Mudsdale|38/100|[from] item: Leftovers\n|upkeep\n|turn|46\n|\n|t:|1759887198\n|switch|p2a: Swampert-Prime|Swampert-Prime, F|86/100 tox\n|-damage|p2a: Swampert-Prime|79/100 tox|[from] Stealth Rock\n|move|p1a: Mudsdale|Rock Slide|p2a: Swampert-Prime\n|-resisted|p2a: Swampert-Prime\n|-damage|p2a: Swampert-Prime|73/100 tox\n|\n|-heal|p1a: Mudsdale|44/100|[from] item: Leftovers\n|-damage|p2a: Swampert-Prime|66/100 tox|[from] psn\n|upkeep\n|turn|47\n|\n|t:|1759887217\n|move|p2a: Swampert-Prime|Knock Off|p1a: Mudsdale\n|-damage|p1a: Mudsdale|36/100\n|-ability|p1a: Mudsdale|Stamina|boost\n|-boost|p1a: Mudsdale|def|1\n|-enditem|p1a: Mudsdale|Leftovers|[from] move: Knock Off|[of] p2a: Swampert-Prime\n|move|p1a: Mudsdale|Earthquake|p2a: Swampert-Prime\n|-damage|p2a: Swampert-Prime|40/100 tox\n|\n|-damage|p2a: Swampert-Prime|28/100 tox|[from] psn\n|upkeep\n|turn|48\n|\n|t:|1759887226\n|switch|p2a: Hydrapple|Hydrapple, F|51/100 tox\n|-damage|p2a: Hydrapple|38/100 tox|[from] Stealth Rock\n|switch|p1a: Ogerpon|Ogerpon-Wellspring, F|61/100\n|-damage|p1a: Ogerpon|49/100|[from] Stealth Rock\n|\n|-damage|p2a: Hydrapple|32/100 tox|[from] psn\n|upkeep\n|turn|49\n|\n|t:|1759887253\n|switch|p2a: Kommo-o|Kommo-o, F, tera:Fire|30/100\n|-damage|p2a: Kommo-o|5/100|[from] Stealth Rock\n|move|p1a: Ogerpon|Play Rough|p2a: Kommo-o\n|-resisted|p2a: Kommo-o\n|-damage|p2a: Kommo-o|0 fnt\n|faint|p2a: Kommo-o\n|\n|upkeep\n|\n|t:|1759887256\n|switch|p2a: Charizard-Prime|Charizard-Prime, M|100/100\n|turn|50\n|\n|t:|1759887272\n|move|p1a: Ogerpon|Spiky Shield|p1a: Ogerpon\n|-singleturn|p1a: Ogerpon|move: Protect\n|move|p2a: Charizard-Prime|Dual Wingbeat|p1a: Ogerpon\n|-activate|p1a: Ogerpon|move: Protect\n|-damage|p2a: Charizard-Prime|88/100|[from] Spiky Shield|[of] p1a: Ogerpon\n|\n|upkeep\n|turn|51\n|c|☆SparksTheNeo|i just realized i couldve terad my skarm to live the fire punch from kommo\n|c|☆SparksTheNeo|bruuuuh lmao\n|\n|t:|1759887292\n|move|p2a: Charizard-Prime|Dual Wingbeat|p1a: Ogerpon\n|-supereffective|p1a: Ogerpon\n|-damage|p1a: Ogerpon|0 fnt\n|faint|p1a: Ogerpon\n|-ability|p2a: Charizard-Prime|Beast Boost|boost\n|-boost|p2a: Charizard-Prime|spe|1\n|-hitcount|p1: Ogerpon|1\n|\n|upkeep\n|c|☆frogadierducklett|Rip\n|\n|t:|1759887312\n|switch|p1a: Mudsdale|Mudsdale, M|36/100\n|-damage|p1a: Mudsdale|30/100|[from] Stealth Rock\n|turn|52\n|\n|t:|1759887326\n|move|p2a: Charizard-Prime|Flamethrower|p1a: Mudsdale\n|-damage|p1a: Mudsdale|0 fnt\n|faint|p1a: Mudsdale\n|-ability|p2a: Charizard-Prime|Beast Boost|boost\n|-boost|p2a: Charizard-Prime|spe|1\n|\n|upkeep\n|c|☆SparksTheNeo|ah gg\n|\n|t:|1759887337\n|switch|p1a: Mr. Rime-Prime|Mr. Rime-Prime, M|95/100\n|-damage|p1a: Mr. Rime-Prime|70/100|[from] Stealth Rock\n|turn|53\n|\n|t:|1759887341\n|move|p2a: Charizard-Prime|Bitter Blade|p1a: Mr. Rime-Prime\n|-supereffective|p1a: Mr. Rime-Prime\n|-damage|p1a: Mr. Rime-Prime|0 fnt\n|-heal|p2a: Charizard-Prime|100/100|[from] drain|[of] p1a: Mr. Rime-Prime\n|faint|p1a: Mr. Rime-Prime\n|-ability|p2a: Charizard-Prime|Beast Boost|boost\n|-boost|p2a: Charizard-Prime|spe|1\n|\n|upkeep\n|\n|t:|1759887344\n|switch|p1a: Spectrier|Spectrier|44/100\n|-damage|p1a: Spectrier|32/100|[from] Stealth Rock\n|turn|54\n|\n|t:|1759887346\n|move|p2a: Charizard-Prime|Bitter Blade|p1a: Spectrier\n|-damage|p1a: Spectrier|0 fnt\n|faint|p1a: Spectrier\n|-ability|p2a: Charizard-Prime|Beast Boost|boost\n|-boost|p2a: Charizard-Prime|spe|1\n|\n|upkeep\n|\n|t:|1759887348\n|switch|p1a: Iron Thorns-Prime|Iron Thorns-Prime|8/100\n|-damage|p1a: Iron Thorns-Prime|0 fnt|[from] Stealth Rock\n|faint|p1a: Iron Thorns-Prime\n|\n|win|frogadierducklett\n|c|☆frogadierducklett|Ggs\n","players":["SparksTheNeo","frogadierducklett"],"format":"[Gen 9] NatDex Draft","rating":null,"private":0,"password":null,"inputlog":">version 2521d38b27f80d1c68b15942009d55f3b2bb8613\n>start {\"formatid\":\"gen9natdexdraft@@@Tera Type Preview\",\"seed\":\"sodium,6100af26c90db0c2c2cde8dfd7f1d42a\"}\n>player p1 {\"name\":\"SparksTheNeo\",\"avatar\":\"170\",\"team\":\"Mr. Rime-Prime||HeavyDutyBoots|Prankster|LuminaCrash,FreezeDry,SlackOff,RapidSpin|Modest|248,,,252,8,|M||||,,,,,Ice]Ogerpon|OgerponWellspring|WellspringMask|WaterAbsorb|SpikyShield,IvyCudgel,HornLeech,PlayRough|Jolly|,252,,,4,252|F||||,Poison,,,,Water]Skarmory||HeavyDutyBoots|Sturdy|Roost,Defog,BodyPress,Toxic|Bold|252,,232,,,24|F|,0,,,,|||,,,,,Water]Iron Thorns-Prime||Leftovers|SandStream|Spikes,ShoreUp,BodyPress,PlasmaFists|Careful|252,4,,,252,|N||||,,,,,Rock]Spectrier||ColburBerry|GrimNeigh|NastyPlot,WillOWisp,ShadowBall,DrainingKiss|Timid|,,,252,4,252|N|,0,,,,|||,,,,,Ghost]Mudsdale||Leftovers|Stamina|Toxic,Earthquake,RockSlide,StealthRock|Impish|252,4,252,,,|M||||,,,,,Ground\",\"rating\":0}\n>player p2 {\"name\":\"frogadierducklett\",\"avatar\":\"102\",\"team\":\"Kommo-o||MentalHerb|Bulletproof|DragonDance,CloseCombat,FirePunch,Substitute|Adamant|144,252,,,,112|F||||,,,,,Fire]Charizard-Prime||HeavyDutyBoots|BeastBoost|DualWingbeat,Earthquake,Flamethrower,BitterBlade|Jolly|,252,80,,,176|M||||,,,,,Fire]Swampert-Prime||RockyHelmet|Regenerator|FlipTurn,KnockOff,PoisonJab,StealthRock|Impish|244,36,228,,,|F||||,,,,,Water]Hydrapple||RockyHelmet|Regenerator|FickleBeam,GrassKnot,SuckerPunch,NastyPlot|Relaxed|248,32,228,,,|F||||,,,,,Grass]Iron Treads||AssaultVest|QuarkDrive|KnockOff,RapidSpin,VoltSwitch,IronHead|Jolly|,124,,,240,144|N||||,,,,,Ground]Deoxys|DeoxysSpeed|MentalHerb|Pressure|ShadowBall,Imprison,NastyPlot,FocusBlast|Modest|220,,,252,,36|N|,0,,,,|||,,,,,Psychic\",\"rating\":0}\n>chat ☆SparksTheNeo|glhf\n>chat ☆frogadierducklett|Glhf!\n>p1 team 2, 1, 3, 4, 5, 6\n>p2 team 3, 2, 1, 4, 5, 6\n>p1 move playrough\n>p2 switch 4\n>p1 move spikyshield\n>p2 move ficklebeam\n>p1 switch 4\n>p2 move ficklebeam\n>p1 move spikes\n>p2 switch 4\n>p1 switch 4\n>p2 move stealthrock\n>p1 switch 2\n>p2 switch 4\n>p1 move rapidspin\n>p2 switch 5\n>p1 switch 5\n>p2 move knockoff\n>p1 move willowisp\n>p2 move voltswitch\n>p2 switch 6\n>p1 switch 4\n>p2 move nastyplot\n>p1 move plasmafists\n>p2 move focusblast\n>p1 move plasmafists\n>p2 move focusblast\n>chat ☆SparksTheNeo|sheesh\n>p2 switch 2\n>p1 switch 6\n>p2 move earthquake\n>p1 move toxic\n>p2 switch 5\n>chat ☆SparksTheNeo|NOOO\n>p1 switch 3\n>p2 move nastyplot\n>p1 move toxic\n>p2 move ficklebeam\n>p1 move roost\n>p2 switch 4\n>p1 move toxic\n>p2 move stealthrock\n>p1 move defog\n>p2 move knockoff\n>p1 move toxic\n>p2 move stealthrock\n>p1 move defog\n>p2 move flipturn\n>p2 switch 5\n>p1 switch 3\n>p2 move flamethrower\n>p1 move rockslide\n>p2 switch 4\n>p1 switch 3\n>p2 move nastyplot\n>p1 move bodypress\n>p2 move ficklebeam\n>p1 move roost\n>p2 switch 3\n>p1 move toxic\n>p2 move substitute\n>p1 move bodypress\n>p2 move dragondance\n>p1 move bodypress\n>p2 move firepunch terastallize\n>p1 switch 3\n>p1 move earthquake\n>p2 switch 3\n>p1 switch 5\n>p2 move grassknot\n>p1 move luminacrash\n>p2 switch 6\n>p1 move slackoff\n>p2 move knockoff\n>p1 move luminacrash\n>p2 move voltswitch\n>p2 switch 3\n>p1 switch 5\n>p2 move firepunch\n>p1 move stealthrock\n>p2 switch 6\n>p1 switch 5\n>p2 move ficklebeam\n>p1 move slackoff\n>p2 switch 4\n>p1 switch 5\n>p2 move bitterblade\n>p1 move rockslide\n>p2 switch 5\n>p1 switch 2\n>p2 move stealthrock\n>p1 move playrough\n>p2 switch 4\n>p1 move playrough\n>p2 move nastyplot\n>p1 move playrough\n>p2 switch 5\n>p1 switch 2\n>p2 move dualwingbeat\n>p1 move rockslide\n>p2 switch 4\n>p1 move earthquake\n>p2 move knockoff\n>p1 switch 2\n>p2 switch 5\n>p1 move playrough\n>p2 switch 6\n>p2 switch 4\n>p1 move spikyshield\n>p2 move dualwingbeat\n>chat ☆SparksTheNeo|i just realized i couldve terad my skarm to live the fire punch from kommo\n>chat ☆SparksTheNeo|bruuuuh lmao\n>p1 move ivycudgel\n>p2 move dualwingbeat\n>chat ☆frogadierducklett|Rip\n>p1 switch 2\n>p1 move rockslide\n>p2 move flamethrower\n>chat ☆SparksTheNeo|ah gg\n>p1 switch 5\n>p1 move luminacrash\n>p2 move bitterblade\n>p1 switch 4\n>p1 move shadowball\n>p2 move bitterblade\n>p1 switch 6","uploadtime":1759887363}