{"id":"gen9natdexdraft-69","log":"|j|☆liviifailure\n|j|☆menace2sociteh\n|t:|1760377634\n|gametype|singles\n|player|p1|liviifailure|iris-gen5bw2|\n|player|p2|menace2sociteh|265|\n|gen|9\n|tier|[Gen 9] NatDex Draft\n|rule|Tera Type Preview: Tera Types are shown at Team Preview\n|rule|Sleep Clause Mod: Limit one foe put to sleep\n|rule|OHKO Clause: OHKO moves are banned\n|rule|Evasion Clause: Evasion abilities, items, and moves are banned\n|rule|Evasion Abilities Clause: Evasion abilities are banned\n|rule|Evasion Items Clause: Evasion items are banned\n|rule|Evasion Moves Clause: Evasion moves are banned\n|rule|Endless Battle Clause: Forcing endless battles is banned\n|rule|HP Percentage Mod: HP is shown in percentages\n|raw|<div class=\"infobox\"><details class=\"readmore\" open><summary><strong>1 custom rule:</strong></summary> tera type preview</details></div>\n|clearpoke\n|poke|p1|Keldeo-Resolute|\n|poke|p1|Grafaiai, M|\n|poke|p1|Necrozma|\n|poke|p1|Weezing-Galar, M|\n|poke|p1|Howling Flare, F|\n|poke|p1|Chi-Yu|\n|poke|p2|Elecprobe|\n|poke|p2|Tauros-Paldea-Blaze, M|\n|poke|p2|Tyrantrum, M|\n|poke|p2|Tentacruel, F|\n|poke|p2|Gloomhorn, M|\n|poke|p2|Wild Wind, F|\n|raw|liviifailure's Tera Types:<br /><psicon pokemon=\"keldeoresolute\" /><psicon type=\"Stellar\" /> / <psicon pokemon=\"grafaiai\" /><psicon type=\"Stellar\" /> / <psicon pokemon=\"necrozma\" /><psicon type=\"Grass\" /> / <psicon pokemon=\"weezinggalar\" /><psicon type=\"Stellar\" /> / <psicon pokemon=\"howlingflare\" /><psicon type=\"Stellar\" /> / <psicon pokemon=\"chiyu\" /><psicon type=\"Stellar\" />\n|raw|menace2sociteh's Tera Types:<br /><psicon pokemon=\"elecprobe\" /><psicon type=\"Electric\" /> / <psicon pokemon=\"taurospaldeablaze\" /><psicon type=\"Fighting\" /> / <psicon pokemon=\"tyrantrum\" /><psicon type=\"Rock\" /> / <psicon pokemon=\"tentacruel\" /><psicon type=\"Water\" /> / <psicon pokemon=\"gloomhorn\" /><psicon type=\"Dark\" /> / <psicon pokemon=\"wildwind\" /><psicon type=\"Fairy\" />\n|teampreview\n|c|☆menace2sociteh|hfff\n|c|☆liviifailure|u2\n|j|~SparksTheNeo\n|\n|t:|1760377672\n|teamsize|p1|6\n|teamsize|p2|6\n|start\n|switch|p1a: Necrozma|Necrozma|100/100\n|switch|p2a: Tyrantrum|Tyrantrum, M|100/100\n|turn|1\n|\n|t:|1760377713\n|detailschange|p2a: Tyrantrum|Tyrantrum-Mega, M\n|-mega|p2a: Tyrantrum|Tyrantrum|Tyrantrumite\n|move|p2a: Tyrantrum|Crunch|p1a: Necrozma\n|-supereffective|p1a: Necrozma\n|-damage|p1a: Necrozma|22/100\n|-enditem|p1a: Necrozma|Weakness Policy\n|-boost|p1a: Necrozma|atk|2|[from] item: Weakness Policy\n|-boost|p1a: Necrozma|spa|2|[from] item: Weakness Policy\n|move|p1a: Necrozma|Autotomize|p1a: Necrozma\n|-boost|p1a: Necrozma|spe|2\n|-start|p1a: Necrozma|Autotomize\n|\n|upkeep\n|turn|2\n|\n|t:|1760377730\n|switch|p2a: Gloomhorn|Gloomhorn, M|100/100\n|move|p1a: Necrozma|Earth Power|p2a: Gloomhorn\n|-damage|p2a: Gloomhorn|48/100\n|\n|upkeep\n|turn|3\n|\n|t:|1760377741\n|move|p2a: Gloomhorn|Shadow Sneak|p1a: Necrozma\n|-supereffective|p1a: Necrozma\n|-damage|p1a: Necrozma|0 fnt\n|faint|p1a: Necrozma\n|\n|upkeep\n|\n|t:|1760377752\n|switch|p1a: Weezing|Weezing-Galar, M|100/100\n|-fieldstart|move: Misty Terrain|[from] ability: Misty Surge|[of] p1a: Weezing\n|turn|4\n|\n|t:|1760377799\n|switch|p2a: Tyrantrum|Tyrantrum-Mega, M|100/100\n|move|p1a: Weezing|Strange Steam|p2a: Tyrantrum\n|-supereffective|p2a: Tyrantrum\n|-damage|p2a: Tyrantrum|8/100\n|\n|upkeep\n|turn|5\n|\n|t:|1760377808\n|move|p2a: Tyrantrum|Zen Headbutt|p1a: Weezing\n|-supereffective|p1a: Weezing\n|-damage|p1a: Weezing|28/100\n|move|p1a: Weezing|Strange Steam|p2a: Tyrantrum\n|-supereffective|p2a: Tyrantrum\n|-damage|p2a: Tyrantrum|0 fnt\n|faint|p2a: Tyrantrum\n|detailschange|p2: Tyrantrum|Tyrantrum, M|[silent]\n|\n|-heal|p1a: Weezing|34/100|[from] item: Black Sludge\n|upkeep\n|\n|t:|1760377819\n|switch|p2a: Elecprobe|Elecprobe|100/100\n|turn|6\n|\n|t:|1760377830\n|switch|p1a: Grafaiai|Grafaiai, M|100/100\n|-enditem|p1a: Grafaiai|Misty Seed\n|-boost|p1a: Grafaiai|spd|1|[from] item: Misty Seed\n|-terastallize|p2a: Elecprobe|Electric\n|move|p2a: Elecprobe|Electro Drift|p1a: Grafaiai\n|-damage|p1a: Grafaiai|34/100\n|\n|upkeep\n|turn|7\n|\n|t:|1760377848\n|switch|p2a: Gloomhorn|Gloomhorn, M|48/100\n|move|p1a: Grafaiai|Gunk Shot|p2a: Gloomhorn|[miss]\n|-miss|p1a: Grafaiai|p2a: Gloomhorn\n|\n|upkeep\n|turn|8\n|\n|t:|1760377856\n|move|p1a: Grafaiai|Gunk Shot|p2a: Gloomhorn|[miss]\n|-miss|p1a: Grafaiai|p2a: Gloomhorn\n|move|p2a: Gloomhorn|Gunk Shot|p1a: Grafaiai\n|-resisted|p1a: Grafaiai\n|-damage|p1a: Grafaiai|0 fnt\n|faint|p1a: Grafaiai\n|\n|-fieldend|Misty Terrain\n|upkeep\n|\n|t:|1760377868\n|switch|p1a: Chi-Yu|Chi-Yu|100/100\n|-ability|p1a: Chi-Yu|Beads of Ruin\n|turn|9\n|\n|t:|1760377888\n|move|p2a: Gloomhorn|Mach Punch|p1a: Chi-Yu\n|-supereffective|p1a: Chi-Yu\n|-damage|p1a: Chi-Yu|19/100\n|move|p1a: Chi-Yu|Dark Pulse|p2a: Gloomhorn\n|-damage|p2a: Gloomhorn|10/100\n|\n|upkeep\n|turn|10\n|\n|t:|1760377894\n|switch|p1a: Weezing|Weezing-Galar, M|34/100\n|-fieldstart|move: Misty Terrain|[from] ability: Misty Surge|[of] p1a: Weezing\n|move|p2a: Gloomhorn|Mach Punch|p1a: Weezing\n|-resisted|p1a: Weezing\n|-damage|p1a: Weezing|29/100\n|\n|-heal|p1a: Weezing|35/100|[from] item: Black Sludge\n|upkeep\n|turn|11\n|\n|t:|1760377902\n|move|p2a: Gloomhorn|Poltergeist|p1a: Weezing\n|-activate|p1a: Weezing|move: Poltergeist|Black Sludge\n|-damage|p1a: Weezing|0 fnt\n|faint|p1a: Weezing\n|\n|upkeep\n|\n|t:|1760377910\n|switch|p1a: Keldeo|Keldeo-Resolute|100/100\n|turn|12\n|\n|t:|1760377915\n|switch|p2a: Wild Wind|Wild Wind, F|100/100\n|move|p1a: Keldeo|Flip Turn|p2a: Wild Wind\n|-resisted|p2a: Wild Wind\n|-damage|p2a: Wild Wind|95/100\n|\n|t:|1760377927\n|switch|p1a: Chi-Yu|Chi-Yu|19/100|[from] Flip Turn\n|-ability|p1a: Chi-Yu|Beads of Ruin\n|\n|-heal|p2a: Wild Wind|100/100|[from] item: Leftovers\n|upkeep\n|turn|13\n|\n|t:|1760377937\n|-end|p2a: Wild Wind|Protosynthesis|[silent]\n|switch|p2a: Tentacruel|Tentacruel, F|100/100\n|move|p1a: Chi-Yu|Flamethrower|p2a: Tentacruel\n|-resisted|p2a: Tentacruel\n|-damage|p2a: Tentacruel|82/100\n|\n|upkeep\n|turn|14\n|\n|t:|1760377946\n|switch|p1a: Keldeo|Keldeo-Resolute|100/100\n|move|p2a: Tentacruel|Toxic Spikes|p1a: Keldeo\n|-sidestart|p1: liviifailure|move: Toxic Spikes\n|\n|-fieldend|Misty Terrain\n|upkeep\n|turn|15\n|\n|t:|1760377959\n|move|p1a: Keldeo|Flip Turn|p2a: Tentacruel\n|-resisted|p2a: Tentacruel\n|-damage|p2a: Tentacruel|72/100\n|-damage|p1a: Keldeo|84/100|[from] item: Rocky Helmet|[of] p2a: Tentacruel\n|\n|t:|1760377964\n|switch|p1a: Howling Flare|Howling Flare, F|100/100|[from] Flip Turn\n|-status|p1a: Howling Flare|psn\n|-enditem|p1a: Howling Flare|Booster Energy\n|-activate|p1a: Howling Flare|ability: Protosynthesis|[fromitem]\n|-start|p1a: Howling Flare|protosynthesisatk\n|move|p2a: Tentacruel|Flip Turn|p1a: Howling Flare\n|-resisted|p1a: Howling Flare\n|-damage|p1a: Howling Flare|92/100 psn\n|\n|t:|1760377973\n|switch|p2a: Elecprobe|Elecprobe, tera:Electric|100/100|[from] Flip Turn\n|\n|-damage|p1a: Howling Flare|80/100 psn|[from] psn\n|upkeep\n|turn|16\n|\n|t:|1760377979\n|-singleturn|p1a: Howling Flare|move: Beak Blast\n|move|p2a: Elecprobe|Foul Play|p1a: Howling Flare\n|-supereffective|p1a: Howling Flare\n|-damage|p1a: Howling Flare|0 fnt\n|-status|p2a: Elecprobe|brn\n|faint|p1a: Howling Flare\n|-end|p1a: Howling Flare|Protosynthesis|[silent]\n|\n|-damage|p2a: Elecprobe|95/100 brn|[from] brn\n|upkeep\n|\n|t:|1760377988\n|switch|p1a: Chi-Yu|Chi-Yu|19/100\n|-status|p1a: Chi-Yu|psn\n|-ability|p1a: Chi-Yu|Beads of Ruin\n|turn|17\n|\n|t:|1760378001\n|switch|p2a: Tentacruel|Tentacruel, F|72/100\n|move|p1a: Chi-Yu|Overheat|p2a: Tentacruel\n|-resisted|p2a: Tentacruel\n|-damage|p2a: Tentacruel|44/100\n|-unboost|p1a: Chi-Yu|spa|2\n|\n|-damage|p1a: Chi-Yu|7/100 psn|[from] psn\n|upkeep\n|turn|18\n|c|☆menace2sociteh|gg\n|c|☆liviifailure|gg\n|\n|t:|1760378011\n|move|p1a: Chi-Yu|Overheat|p2a: Tentacruel\n|-resisted|p2a: Tentacruel\n|-damage|p2a: Tentacruel|30/100\n|-unboost|p1a: Chi-Yu|spa|2\n|move|p2a: Tentacruel|Flip Turn|p1a: Chi-Yu\n|-supereffective|p1a: Chi-Yu\n|-damage|p1a: Chi-Yu|0 fnt\n|faint|p1a: Chi-Yu\n|\n|t:|1760378014\n|switch|p2a: Elecprobe|Elecprobe, tera:Electric|95/100 brn|[from] Flip Turn\n|\n|-damage|p2a: Elecprobe|89/100 brn|[from] brn\n|upkeep\n|\n|t:|1760378018\n|switch|p1a: Keldeo|Keldeo-Resolute|84/100\n|-status|p1a: Keldeo|psn\n|turn|19\n|\n|t:|1760378021\n|move|p1a: Keldeo|Vacuum Wave|p2a: Elecprobe\n|-damage|p2a: Elecprobe|47/100 brn\n|move|p2a: Elecprobe|Electro Drift|p1a: Keldeo\n|-supereffective|p1a: Keldeo\n|-damage|p1a: Keldeo|0 fnt\n|faint|p1a: Keldeo\n|\n|win|menace2sociteh\n|c|☆menace2sociteh|very surprised no corvi\n|c|☆menace2sociteh|can u get the replay\n","players":["liviifailure","menace2sociteh"],"format":"[Gen 9] NatDex Draft","rating":null,"private":0,"password":null,"inputlog":">version c5f06566d1a0a24bc6fa6bc2146fd951ef712f76\n>start {\"formatid\":\"gen9natdexdraft@@@tera type preview\",\"seed\":\"sodium,b2cc5be67fee50a99ddea8ae1ff50812\"}\n>player p1 {\"name\":\"liviifailure\",\"avatar\":\"iris-gen5bw2\",\"team\":\"Keldeo|KeldeoResolute|ChoiceSpecs|Justified|VacuumWave,SecretSword,Scald,FlipTurn|Timid|16,,,252,,240|N||||,,,,,Stellar]Grafaiai||MistySeed|Unburden|GunkShot,DoubleEdge,KnockOff,SwordsDance|Adamant|248,252,,,8,|M||||,,,,,Stellar]Necrozma||WeaknessPolicy|PrismArmor|Autotomize,EarthPower,HeatWave,StoredPower|Modest|164,,,240,,104|N|,0,,,,|||,,,,,Grass]Weezing|WeezingGalar|BlackSludge|MistySurge|Defog,PainSplit,Overheat,StrangeSteam|Modest|248,,8,252,,|M|,0,,,,|||,,,,,Stellar]Howling Flare||BoosterEnergy|Protosynthesis|BeakBlast,ShadowClaw,LeafBlade,CloseCombat|Adamant|56,252,4,,,196|F||||,,,,,Stellar]Chi-Yu||ChoiceScarf|BeadsofRuin|DarkPulse,Overheat,Flamethrower,Psychic|Timid|,,,252,4,252|N|,0,,,,|||,,,,,Stellar\",\"rating\":0}\n>player p2 {\"name\":\"menace2sociteh\",\"avatar\":\"265\",\"team\":\"Elecprobe||Magnet|Aftermath|NastyPlot,FoulPlay,ElectroDrift,EnergyBall|Timid|96,,,252,40,120|N|,0,,,,|||,,,,,Electric]Tauros|TaurosPaldeaBlaze|CustapBerry|Intimidate|WillOWisp,RagingBull,BodyPress,Endure|Impish|252,4,252,,,|M||||,,,,,Fighting]Tyrantrum||Tyrantrumite|RockHead|RockSlide,ZenHeadbutt,Crunch,StealthRock|Jolly|,252,,,48,208|M||||,,,,,Rock]Tentacruel||RockyHelmet|ClearBody|Haze,FlipTurn,ToxicSpikes,Surf|Calm|252,,,,252,4|F||||,,,,,Water]Gloomhorn||AssaultVest|Technician|Poltergeist,ShadowSneak,GunkShot,MachPunch|Adamant|252,252,,,4,|M||||,,,,,Dark]Wild Wind||Leftovers|Protosynthesis|Synthesis,DireClaw,Wish,Encore|Timid|164,,72,,252,20|F||||,,,,,Fairy\",\"rating\":0}\n>chat ☆menace2sociteh|hfff\n>chat ☆liviifailure|u2\n>p1 team 3, 2, 1, 4, 5, 6\n>p2 team 3, 2, 1, 4, 5, 6\n>p1 move autotomize\n>p2 move crunch mega\n>p1 move earthpower\n>p2 switch 5\n>p1 move earthpower\n>p2 move shadowsneak\n>p1 switch 4\n>p1 move strangesteam\n>p2 switch 5\n>p1 move strangesteam\n>p2 move zenheadbutt\n>p2 switch 3\n>p1 switch 2\n>p2 move electrodrift terastallize\n>p1 move gunkshot\n>p2 switch 5\n>p1 move gunkshot\n>p2 move gunkshot\n>p1 switch 6\n>p1 move darkpulse\n>p2 move machpunch\n>p1 switch 2\n>p2 move machpunch\n>p1 move strangesteam\n>p2 move poltergeist\n>p1 switch 3\n>p1 move flipturn\n>p2 switch 6\n>p1 switch 2\n>p1 move flamethrower\n>p2 switch 4\n>p1 switch 2\n>p2 move toxicspikes\n>p1 move flipturn\n>p2 move flipturn\n>p1 switch 5\n>p2 switch 5\n>p1 move beakblast\n>p2 move foulplay\n>p1 switch 2\n>p1 move overheat\n>p2 switch 5\n>chat ☆menace2sociteh|gg\n>chat ☆liviifailure|gg\n>p1 move overheat\n>p2 move flipturn\n>p2 switch 5\n>p1 switch 5\n>p1 move vacuumwave\n>p2 move electrodrift","uploadtime":1760378062}