{"id":"gen9natdexdraft-511","log":"|j|☆wxyzstar\n|j|☆pechsiedl\n|t:|1768660467\n|gametype|singles\n|player|p1|wxyzstar|169|\n|player|p2|pechsiedl|101|\n|gen|9\n|tier|[Gen 9] NatDex Draft\n|rule|Sleep Clause Mod: Limit one foe put to sleep\n|rule|OHKO Clause: OHKO moves are banned\n|rule|Evasion Clause: Evasion abilities, items, and moves are banned\n|rule|Evasion Abilities Clause: Evasion abilities are banned\n|rule|Evasion Items Clause: Evasion items are banned\n|rule|Evasion Moves Clause: Evasion moves are banned\n|rule|Endless Battle Clause: Forcing endless battles is banned\n|rule|HP Percentage Mod: HP is shown in percentages\n|clearpoke\n|poke|p1|Greninja-*, F|\n|poke|p1|Jirachi|\n|poke|p1|Tornadus-Therian, M|\n|poke|p1|Rotom-Heat|\n|poke|p1|Garchomp, F|\n|poke|p1|Tsareena, F|\n|poke|p2|Gallade, M|\n|poke|p2|Shaymin|\n|poke|p2|Samurott-Hisui, F|\n|poke|p2|Spectrier|\n|poke|p2|Glimmora, M|\n|poke|p2|Corviknight, F|\n|teampreview\n|c|☆wxyzstar|glhf!\n|c|☆pechsiedl|Can you post the link?\n|c|☆pechsiedl|u2!\n|c|☆wxyzstar|yeah\n|c|☆pechsiedl|thanks\n|\n|t:|1768660607\n|teamsize|p1|6\n|teamsize|p2|6\n|start\n|switch|p1a: Greninja|Greninja, F, shiny|100/100\n|switch|p2a: Cyanide|Glimmora, M|100/100\n|turn|1\n|\n|t:|1768660688\n|detailschange|p1a: Greninja|Greninja-Mega-ZA, F, shiny\n|-mega|p1a: Greninja|Greninja|GreninjiteZA\n|move|p1a: Greninja|Liquidation|p2a: Cyanide\n|-supereffective|p2a: Cyanide\n|-damage|p2a: Cyanide|29/100\n|-activate|p2a: Cyanide|ability: Toxic Debris\n|-sidestart|p1: wxyzstar|move: Toxic Spikes\n|move|p2a: Cyanide|Stealth Rock|p1a: Greninja\n|-sidestart|p1: wxyzstar|move: Stealth Rock\n|\n|upkeep\n|turn|2\n|\n|t:|1768660750\n|switch|p2a: King Nothing|Corviknight, F|100/100\n|-ability|p2a: King Nothing|Pressure\n|move|p1a: Greninja|Liquidation|p2a: King Nothing\n|-damage|p2a: King Nothing|72/100\n|-unboost|p2a: King Nothing|def|1\n|\n|upkeep\n|turn|3\n|\n|t:|1768660927\n|move|p1a: Greninja|Power-Up Punch|p2a: King Nothing\n|-damage|p2a: King Nothing|54/100\n|-boost|p1a: Greninja|atk|1\n|move|p2a: King Nothing|Reflect|p2a: King Nothing\n|-sidestart|p2: pechsiedl|Reflect\n|\n|upkeep\n|turn|4\n|\n|t:|1768660997\n|move|p1a: Greninja|Power-Up Punch|p2a: King Nothing\n|-damage|p2a: King Nothing|38/100\n|-boost|p1a: Greninja|atk|1\n|move|p2a: King Nothing|Roost|p2a: King Nothing\n|-heal|p2a: King Nothing|88/100\n|-singleturn|p2a: King Nothing|move: Roost\n|\n|upkeep\n|turn|5\n|\n|t:|1768661030\n|move|p1a: Greninja|Liquidation|p2a: King Nothing\n|-damage|p2a: King Nothing|46/100\n|move|p2a: King Nothing|U-turn|p1a: Greninja\n|-supereffective|p1a: Greninja\n|-damage|p1a: Greninja|59/100\n|\n|t:|1768661103\n|switch|p2a: Fixxxer|Gallade, M|100/100|[from] U-turn\n|\n|upkeep\n|turn|6\n|\n|t:|1768661190\n|detailschange|p2a: Fixxxer|Gallade-Mega, M\n|-mega|p2a: Fixxxer|Gallade|Galladite\n|move|p1a: Greninja|U-turn|p2a: Fixxxer\n|-damage|p2a: Fixxxer|68/100\n|\n|t:|1768661194\n|switch|p1a: Tornadus|Tornadus-Therian, M, shiny|100/100|[from] U-turn\n|move|p2a: Fixxxer|Sacred Sword|p1a: Tornadus\n|-resisted|p1a: Tornadus\n|-damage|p1a: Tornadus|74/100\n|\n|upkeep\n|turn|7\n|\n|t:|1768661336\n|switch|p2a: Cyanide|Glimmora, M|29/100\n|move|p1a: Tornadus|Bleakwind Storm|p2a: Cyanide|[miss]\n|-miss|p1a: Tornadus|p2a: Cyanide\n|\n|upkeep\n|turn|8\n|\n|t:|1768661383\n|switch|p1a: Jirachi|Jirachi, shiny|100/100\n|-damage|p1a: Jirachi|94/100|[from] Stealth Rock\n|move|p2a: Cyanide|Power Gem|p1a: Jirachi\n|-resisted|p1a: Jirachi\n|-damage|p1a: Jirachi|79/100\n|\n|-heal|p1a: Jirachi|85/100|[from] item: Leftovers\n|upkeep\n|turn|9\n|\n|t:|1768661480\n|switch|p2a: King Nothing|Corviknight, F|46/100\n|-ability|p2a: King Nothing|Pressure\n|move|p1a: Jirachi|Calm Mind|p1a: Jirachi\n|-boost|p1a: Jirachi|spa|1\n|-boost|p1a: Jirachi|spd|1\n|\n|-heal|p1a: Jirachi|91/100|[from] item: Leftovers\n|upkeep\n|turn|10\n|\n|t:|1768661585\n|move|p1a: Jirachi|Thunderbolt|p2a: King Nothing\n|-supereffective|p2a: King Nothing\n|-damage|p2a: King Nothing|0 fnt\n|faint|p2a: King Nothing\n|\n|-heal|p1a: Jirachi|97/100|[from] item: Leftovers\n|-sideend|p2: pechsiedl|Reflect\n|upkeep\n|\n|t:|1768661616\n|switch|p2a: Inamorata|Samurott-Hisui, F|100/100\n|turn|11\n|\n|t:|1768661634\n|move|p1a: Jirachi|Moonblast|p2a: Inamorata\n|-supereffective|p2a: Inamorata\n|-damage|p2a: Inamorata|0 fnt\n|faint|p2a: Inamorata\n|\n|-heal|p1a: Jirachi|100/100|[from] item: Leftovers\n|upkeep\n|c|☆wxyzstar|you there?\n|\n|t:|1768661907\n|switch|p2a: One|Spectrier|100/100\n|turn|12\n|c|☆pechsiedl|Had to clac a bit\n|\n|t:|1768662018\n|move|p2a: One|Nasty Plot|p2a: One\n|-boost|p2a: One|spa|2\n|move|p1a: Jirachi|Psychic|p2a: One\n|-damage|p2a: One|36/100\n|\n|upkeep\n|turn|13\n|\n|t:|1768662068\n|move|p2a: One|Shadow Ball|p1a: Jirachi\n|-supereffective|p1a: Jirachi\n|-damage|p1a: Jirachi|0 fnt\n|faint|p1a: Jirachi\n|-ability|p2a: One|Grim Neigh|boost\n|-boost|p2a: One|spa|1\n|\n|upkeep\n|\n|t:|1768662075\n|switch|p1a: Tsareena|Tsareena, F, shiny|100/100\n|turn|14\n|\n|t:|1768662218\n|switch|p2a: Cyanide|Glimmora, M|29/100\n|move|p1a: Tsareena|Knock Off|p2a: Cyanide\n|-damage|p2a: Cyanide|7/100\n|-activate|p2a: Cyanide|ability: Toxic Debris\n|-sidestart|p1: wxyzstar|move: Toxic Spikes\n|-enditem|p2a: Cyanide|Focus Sash|[from] move: Knock Off|[of] p1a: Tsareena\n|\n|upkeep\n|turn|15\n|\n|t:|1768662293\n|switch|p1a: Garchomp|Garchomp, F, shiny|100/100\n|-status|p1a: Garchomp|tox\n|-damage|p1a: Garchomp|94/100 tox|[from] Stealth Rock\n|move|p2a: Cyanide|Mortal Spin|p1a: Garchomp\n|-resisted|p1a: Garchomp\n|-damage|p1a: Garchomp|91/100 tox\n|-damage|p2a: Cyanide|0 fnt|[from] ability: Rough Skin|[of] p1a: Garchomp\n|faint|p2a: Cyanide\n|\n|-damage|p1a: Garchomp|85/100 tox|[from] psn\n|upkeep\n|\n|t:|1768662374\n|switch|p2a: No Leaf Clover|Shaymin|100/100\n|turn|16\n|\n|t:|1768662479\n|move|p1a: Garchomp|Poison Jab|p2a: No Leaf Clover\n|-supereffective|p2a: No Leaf Clover\n|-damage|p2a: No Leaf Clover|40/100\n|-enditem|p2a: No Leaf Clover|Eject Button\n|\n|t:|1768662528\n|switch|p2a: Fixxxer|Gallade-Mega, M|68/100\n|\n|-damage|p1a: Garchomp|73/100 tox|[from] psn\n|upkeep\n|turn|17\n|\n|t:|1768662543\n|move|p1a: Garchomp|Earthquake|p2a: Fixxxer\n|-damage|p2a: Fixxxer|0 fnt\n|faint|p2a: Fixxxer\n|detailschange|p2: Fixxxer|Gallade, M|[silent]\n|\n|-damage|p1a: Garchomp|54/100 tox|[from] psn\n|upkeep\n|\n|t:|1768662549\n|switch|p2a: One|Spectrier|36/100\n|turn|18\n|\n|t:|1768662558\n|switch|p1a: Tsareena|Tsareena, F, shiny|100/100\n|move|p2a: One|Shadow Ball|p1a: Tsareena\n|-damage|p1a: Tsareena|62/100\n|\n|upkeep\n|turn|19\n|\n|t:|1768662580\n|move|p2a: One|Nasty Plot|p2a: One\n|-boost|p2a: One|spa|2\n|move|p1a: Tsareena|U-turn|p2a: One\n|-resisted|p2a: One\n|-damage|p2a: One|21/100\n|\n|t:|1768662586\n|switch|p1a: Greninja|Greninja-Mega-ZA, F, shiny|59/100|[from] U-turn\n|-status|p1a: Greninja|tox\n|-damage|p1a: Greninja|47/100 tox|[from] Stealth Rock\n|\n|-damage|p1a: Greninja|41/100 tox|[from] psn\n|upkeep\n|turn|20\n|\n|t:|1768662598\n|move|p1a: Greninja|Shadow Sneak|p2a: One\n|-supereffective|p2a: One\n|-damage|p2a: One|0 fnt\n|faint|p2a: One\n|\n|-damage|p1a: Greninja|29/100 tox|[from] psn\n|upkeep\n|\n|t:|1768662604\n|switch|p2a: No Leaf Clover|Shaymin|40/100\n|turn|21\n|\n|t:|1768662609\n|move|p1a: Greninja|U-turn|p2a: No Leaf Clover\n|-supereffective|p2a: No Leaf Clover\n|-damage|p2a: No Leaf Clover|0 fnt\n|faint|p2a: No Leaf Clover\n|\n|win|wxyzstar\n|c|☆pechsiedl|gg\n|c|☆wxyzstar|ggs \n|l|☆pechsiedl\n|player|p2|\n","players":["wxyzstar","pechsiedl"],"format":"[Gen 9] NatDex Draft","rating":null,"private":0,"password":null,"inputlog":">version 36cf988d66dbad4151963a7bc9d9267feedacf40\n>start {\"formatid\":\"gen9natdexdraft\",\"seed\":\"sodium,289215e0312ff148febcbed3bbd81158\"}\n>player p1 {\"name\":\"wxyzstar\",\"avatar\":\"169\",\"team\":\"Greninja||GreninjiteZA|Torrent|ShadowSneak,Uturn,Liquidation,PowerUpPunch|Adamant|,252,,,4,252|F||S||,,,,,Water]Jirachi||Leftovers|SereneGrace|CalmMind,Moonblast,Psychic,Thunderbolt|Modest|248,,,8,,252|N|,0,,,,|S||,,,,,Steel]Tornadus|TornadusTherian|HeavyDutyBoots|Regenerator|HeatWave,KnockOff,Taunt,BleakwindStorm|Bold|248,,172,,,88|M||S||,,,,,Flying]Rotom|RotomHeat|HeavyDutyBoots|Levitate|Defog,WillOWisp,VoltSwitch,FoulPlay|Timid|248,,8,,,252|N|,0,,,,|S||,,,,,Electric]Garchomp||LoadedDice|RoughSkin|SwordsDance,Earthquake,ScaleShot,PoisonJab|Jolly|,252,,,4,252|F||S||,,,,,Dragon]Tsareena||HeavyDutyBoots|QueenlyMajesty|RapidSpin,Uturn,KnockOff,PetalBlizzard|Adamant|248,8,,,252,|F||S||,,,,,Grass\",\"rating\":0}\n>player p2 {\"name\":\"pechsiedl\",\"avatar\":\"101\",\"team\":\"Fixxxer|Gallade|Galladite|Steadfast|SacredSword,ZenHeadbutt,KnockOff,SwordsDance|Adamant|64,252,,,,192|M||||,,,,,Psychic]No Leaf Clover|Shaymin|EjectButton|NaturalCure|Tailwind,HealingWish,SeedFlare,LeechSeed|Timid|,,,,252,252|N|,0,,,,|||,,,,,Grass]Inamorata|SamurottHisui|LumBerry|Sharpness|SwordsDance,CeaselessEdge,RazorShell,SuckerPunch|Adamant|8,252,,,,248|F||||,,,,,Water]One|Spectrier|ColburBerry|GrimNeigh|ShadowBall,TeraBlast,Disable,NastyPlot|Timid|40,,,252,,216|N||||,,,,,Ghost]Cyanide|Glimmora|FocusSash|ToxicDebris|MortalSpin,EarthPower,PowerGem,StealthRock|Bold|252,,252,4,,|M||||,,,,,Rock]King Nothing|Corviknight|LightClay|Pressure|Uturn,Roost,Reflect,LightScreen|Impish|248,,252,,8,|F||||,,,,,Flying\",\"rating\":0}\n>chat ☆wxyzstar|glhf!\n>chat ☆pechsiedl|Can you post the link?\n>chat ☆pechsiedl|u2!\n>chat ☆wxyzstar|yeah\n>chat ☆pechsiedl|thanks\n>p1 team 1, 2, 3, 4, 5, 6\n>p2 team 5, 2, 3, 4, 1, 6\n>p1 move liquidation mega\n>p2 move stealthrock\n>p1 move liquidation\n>p2 switch 6\n>p1 move poweruppunch\n>p2 move reflect\n>p1 move poweruppunch\n>p2 move roost\n>p1 move liquidation\n>p2 move uturn\n>p2 switch 5\n>p1 move uturn\n>p2 move sacredsword mega\n>p1 switch 3\n>p1 move bleakwindstorm\n>p2 switch 6\n>p1 switch 2\n>p2 move powergem\n>p1 move calmmind\n>p2 switch 5\n>p1 move thunderbolt\n>p2 move lightscreen\n>p2 switch 3\n>p1 move moonblast\n>p2 move swordsdance\n>chat ☆wxyzstar|you there?\n>p2 switch 4\n>chat ☆pechsiedl|Had to clac a bit\n>p1 move psychic\n>p2 move nastyplot\n>p1 move psychic\n>p2 move shadowball\n>p1 switch 6\n>p1 move knockoff\n>p2 switch 5\n>p1 switch 5\n>p2 move mortalspin\n>p2 switch 2\n>p1 move poisonjab\n>p2 move tailwind\n>p2 switch 6\n>p1 move earthquake\n>p2 move knockoff\n>p2 switch 5\n>p1 switch 5\n>p2 move shadowball\n>p1 move uturn\n>p2 move nastyplot\n>p1 switch 3\n>p1 move shadowsneak\n>p2 move terablast\n>p2 switch 6\n>p1 move uturn\n>p2 move seedflare","uploadtime":1768662628}