{"id":"gen9natdexdraft-536","log":"|j|☆SparksTheNeo\n|j|☆fiendishzealot\n|t:|1764267852\n|gametype|singles\n|player|p1|SparksTheNeo|265|\n|player|p2|fiendishzealot|266|\n|gen|9\n|tier|[Gen 9] NatDex Draft\n|rule|Tera Type Preview: Tera Types are shown at Team Preview\n|rule|Sleep Clause Mod: Limit one foe put to sleep\n|rule|OHKO Clause: OHKO moves are banned\n|rule|Evasion Clause: Evasion abilities, items, and moves are banned\n|rule|Evasion Abilities Clause: Evasion abilities are banned\n|rule|Evasion Items Clause: Evasion items are banned\n|rule|Evasion Moves Clause: Evasion moves are banned\n|rule|Endless Battle Clause: Forcing endless battles is banned\n|rule|HP Percentage Mod: HP is shown in percentages\n|raw|<div class=\"infobox\"><details class=\"readmore\" open><summary><strong>1 custom rule:</strong></summary> Tera Type Preview</details></div>\n|clearpoke\n|poke|p1|Spectrier|\n|poke|p1|Heatran, M|\n|poke|p1|Toxapex, M|\n|poke|p1|Roserade-Hell, M|\n|poke|p1|Mienshao-Hoenn, F|\n|poke|p1|Tsareena, F|\n|poke|p2|Donphan, M|\n|poke|p2|Plasmatomb, F|\n|poke|p2|Eelektross-Hell, F|\n|poke|p2|Tapu Fini|\n|poke|p2|Sneasler, M|\n|poke|p2|Meloetta|\n|raw|SparksTheNeo's Tera Types:<br /><psicon pokemon=\"spectrier\" /><psicon type=\"Ghost\" /> / <psicon pokemon=\"heatran\" /><psicon type=\"Steel\" /> / <psicon pokemon=\"toxapex\" /><psicon type=\"Poison\" /> / <psicon pokemon=\"roseradehell\" /><psicon type=\"Dark\" /> / <psicon pokemon=\"mienshaohoenn\" /><psicon type=\"Poison\" /> / <psicon pokemon=\"tsareena\" /><psicon type=\"Grass\" />\n|raw|fiendishzealot's Tera Types:<br /><psicon pokemon=\"donphan\" /><psicon type=\"Ground\" /> / <psicon pokemon=\"plasmatomb\" /><psicon type=\"Poison\" /> / <psicon pokemon=\"eelektrosshell\" /><psicon type=\"Dark\" /> / <psicon pokemon=\"tapufini\" /><psicon type=\"Water\" /> / <psicon pokemon=\"sneasler\" /><psicon type=\"Fighting\" /> / <psicon pokemon=\"meloetta\" /><psicon type=\"Normal\" />\n|teampreview\n|c|☆SparksTheNeo|glhf\n|c|☆fiendishzealot|glhf\n|\n|t:|1764267905\n|teamsize|p1|6\n|teamsize|p2|6\n|start\n|switch|p1a: Mienshao-Hoenn|Mienshao-Hoenn, F|100/100\n|switch|p2a: Tapu Fini|Tapu Fini|100/100\n|-fieldstart|move: Misty Terrain|[from] ability: Misty Surge|[of] p2a: Tapu Fini\n|turn|1\n|\n|t:|1764267915\n|move|p1a: Mienshao-Hoenn|Flip Turn|p2a: Tapu Fini\n|-resisted|p2a: Tapu Fini\n|-damage|p2a: Tapu Fini|90/100\n|\n|t:|1764267930\n|switch|p1a: Toxapex|Toxapex, M|100/100|[from] Flip Turn\n|move|p2a: Tapu Fini|Substitute|p2a: Tapu Fini\n|-start|p2a: Tapu Fini|Substitute\n|-damage|p2a: Tapu Fini|65/100\n|\n|-heal|p2a: Tapu Fini|71/100|[from] item: Leftovers\n|upkeep\n|turn|2\n|j| menace2sociteh\n|\n|t:|1764267939\n|switch|p1a: Tsareena|Tsareena, F|100/100\n|move|p2a: Tapu Fini|Taunt|p1a: Tsareena\n|-start|p1a: Tsareena|move: Taunt\n|\n|-heal|p2a: Tapu Fini|77/100|[from] item: Leftovers\n|upkeep\n|turn|3\n|\n|t:|1764267958\n|move|p2a: Tapu Fini|Moonblast|p1a: Tsareena\n|-damage|p1a: Tsareena|65/100\n|-unboost|p1a: Tsareena|spa|1\n|move|p1a: Tsareena|U-turn|p2a: Tapu Fini\n|-resisted|p2a: Tapu Fini\n|-activate|p2a: Tapu Fini|move: Substitute|[damage]\n|\n|t:|1764267997\n|switch|p1a: Heatran|Heatran, M|100/100|[from] U-turn\n|\n|-heal|p2a: Tapu Fini|83/100|[from] item: Leftovers\n|upkeep\n|turn|4\n|\n|t:|1764268014\n|switch|p1a: Tsareena|Tsareena, F|65/100\n|move|p2a: Tapu Fini|Scald|p1a: Tsareena\n|-resisted|p1a: Tsareena\n|-crit|p1a: Tsareena\n|-damage|p1a: Tsareena|41/100\n|\n|-heal|p2a: Tapu Fini|89/100|[from] item: Leftovers\n|upkeep\n|turn|5\n|c|☆fiendishzealot|sorry\n|\n|t:|1764268046\n|move|p2a: Tapu Fini|Moonblast|p1a: Tsareena\n|-damage|p1a: Tsareena|7/100\n|-unboost|p1a: Tsareena|spa|1\n|move|p1a: Tsareena|Synthesis|p1a: Tsareena\n|-heal|p1a: Tsareena|57/100\n|\n|-heal|p2a: Tapu Fini|95/100|[from] item: Leftovers\n|-fieldend|Misty Terrain\n|upkeep\n|turn|6\n|\n|t:|1764268072\n|move|p2a: Tapu Fini|Taunt|p1a: Tsareena\n|-start|p1a: Tsareena|move: Taunt\n|move|p1a: Tsareena|U-turn|p2a: Tapu Fini\n|-resisted|p2a: Tapu Fini\n|-activate|p2a: Tapu Fini|move: Substitute|[damage]\n|\n|t:|1764268087\n|switch|p1a: Mienshao-Hoenn|Mienshao-Hoenn, F|100/100|[from] U-turn\n|\n|-heal|p2a: Tapu Fini|100/100|[from] item: Leftovers\n|upkeep\n|turn|7\n|\n|t:|1764268096\n|-terastallize|p1a: Mienshao-Hoenn|Poison\n|move|p1a: Mienshao-Hoenn|Poison Jab|p2a: Tapu Fini\n|-supereffective|p2a: Tapu Fini\n|-end|p2a: Tapu Fini|Substitute\n|move|p2a: Tapu Fini|Substitute|p2a: Tapu Fini\n|-start|p2a: Tapu Fini|Substitute\n|-damage|p2a: Tapu Fini|75/100\n|\n|-heal|p2a: Tapu Fini|82/100|[from] item: Leftovers\n|upkeep\n|turn|8\n|\n|t:|1764268105\n|move|p1a: Mienshao-Hoenn|Poison Jab|p2a: Tapu Fini\n|-supereffective|p2a: Tapu Fini\n|-end|p2a: Tapu Fini|Substitute\n|move|p2a: Tapu Fini|Scald|p1a: Mienshao-Hoenn\n|-damage|p1a: Mienshao-Hoenn|47/100\n|-status|p1a: Mienshao-Hoenn|brn\n|\n|-heal|p2a: Tapu Fini|88/100|[from] item: Leftovers\n|-damage|p1a: Mienshao-Hoenn|41/100 brn|[from] brn\n|upkeep\n|turn|9\n|c| menace2sociteh|Zayumn\n|\n|t:|1764268123\n|switch|p2a: Eelektross-Hell|Eelektross-Hell, F|100/100\n|move|p1a: Mienshao-Hoenn|Poison Jab|p2a: Eelektross-Hell\n|-resisted|p2a: Eelektross-Hell\n|-damage|p2a: Eelektross-Hell|93/100\n|\n|-damage|p1a: Mienshao-Hoenn|36/100 brn|[from] brn\n|upkeep\n|turn|10\n|\n|t:|1764268146\n|switch|p1a: Heatran|Heatran, M|100/100\n|move|p2a: Eelektross-Hell|Knock Off|p1a: Heatran\n|-damage|p1a: Heatran|64/100\n|-enditem|p1a: Heatran|Leftovers|[from] move: Knock Off|[of] p2a: Eelektross-Hell\n|\n|upkeep\n|turn|11\n|\n|t:|1764268171\n|switch|p2a: Tapu Fini|Tapu Fini|88/100\n|-fieldstart|move: Misty Terrain|[from] ability: Misty Surge|[of] p2a: Tapu Fini\n|move|p1a: Heatran|Magma Storm|p2a: Tapu Fini\n|-resisted|p2a: Tapu Fini\n|-damage|p2a: Tapu Fini|70/100\n|-activate|p2a: Tapu Fini|move: Magma Storm|[of] p1a: Heatran\n|\n|-heal|p2a: Tapu Fini|76/100|[from] item: Leftovers\n|-damage|p2a: Tapu Fini|63/100|[from] move: Magma Storm|[partiallytrapped]\n|upkeep\n|turn|12\n|\n|t:|1764268189\n|move|p2a: Tapu Fini|Scald|p1a: Heatran\n|-supereffective|p1a: Heatran\n|-damage|p1a: Heatran|30/100\n|move|p1a: Heatran|Flash Cannon|p2a: Tapu Fini\n|-damage|p2a: Tapu Fini|38/100\n|\n|-heal|p2a: Tapu Fini|44/100|[from] item: Leftovers\n|-damage|p2a: Tapu Fini|31/100|[from] move: Magma Storm|[partiallytrapped]\n|upkeep\n|turn|13\n|\n|t:|1764268209\n|move|p1a: Heatran|Protect|p1a: Heatran\n|-singleturn|p1a: Heatran|Protect\n|move|p2a: Tapu Fini|Scald|p1a: Heatran\n|-activate|p1a: Heatran|move: Protect\n|\n|-heal|p2a: Tapu Fini|38/100|[from] item: Leftovers\n|-damage|p2a: Tapu Fini|25/100|[from] move: Magma Storm|[partiallytrapped]\n|upkeep\n|turn|14\n|\n|t:|1764268222\n|move|p2a: Tapu Fini|Scald|p1a: Heatran\n|-supereffective|p1a: Heatran\n|-crit|p1a: Heatran\n|-damage|p1a: Heatran|0 fnt\n|faint|p1a: Heatran\n|\n|-heal|p2a: Tapu Fini|31/100|[from] item: Leftovers\n|-end|p2a: Tapu Fini|Magma Storm|[partiallytrapped]|[silent]\n|upkeep\n|\n|t:|1764268264\n|switch|p1a: Roserade-Hell|Roserade-Hell, M|100/100\n|turn|15\n|\n|t:|1764268280\n|detailschange|p1a: Roserade-Hell|Roserade-Hell-Mega, M\n|-mega|p1a: Roserade-Hell|Roserade-Hell|Roseradite HELL\n|move|p1a: Roserade-Hell|Leaf Blade|p2a: Tapu Fini\n|-supereffective|p2a: Tapu Fini\n|-damage|p2a: Tapu Fini|0 fnt\n|faint|p2a: Tapu Fini\n|-ability|p1a: Roserade-Hell|Moxie|boost\n|-boost|p1a: Roserade-Hell|atk|1\n|\n|-fieldend|Misty Terrain\n|upkeep\n|c| menace2sociteh|Damn\n|\n|t:|1764268299\n|switch|p2a: Eelektross-Hell|Eelektross-Hell, F|93/100\n|turn|16\n|\n|t:|1764268317\n|switch|p1a: Toxapex|Toxapex, M|100/100\n|move|p2a: Eelektross-Hell|Poison Jab|p1a: Toxapex\n|-resisted|p1a: Toxapex\n|-damage|p1a: Toxapex|90/100\n|-damage|p2a: Eelektross-Hell|76/100|[from] item: Rocky Helmet|[of] p1a: Toxapex\n|\n|upkeep\n|turn|17\n|\n|t:|1764268331\n|move|p2a: Eelektross-Hell|Thunder Punch|p1a: Toxapex\n|-supereffective|p1a: Toxapex\n|-damage|p1a: Toxapex|64/100\n|-damage|p2a: Eelektross-Hell|60/100|[from] item: Rocky Helmet|[of] p1a: Toxapex\n|move|p1a: Toxapex|Knock Off|p2a: Eelektross-Hell\n|-resisted|p2a: Eelektross-Hell\n|-damage|p2a: Eelektross-Hell|53/100\n|-enditem|p2a: Eelektross-Hell|Assault Vest|[from] move: Knock Off|[of] p1a: Toxapex\n|\n|upkeep\n|turn|18\n|\n|t:|1764268349\n|switch|p2a: Plasmatomb|Plasmatomb, F|100/100\n|move|p1a: Toxapex|Recover|p1a: Toxapex\n|-heal|p1a: Toxapex|100/100\n|\n|upkeep\n|turn|19\n|\n|t:|1764268361\n|move|p1a: Toxapex|Knock Off|p2a: Plasmatomb\n|-damage|p2a: Plasmatomb|86/100\n|-enditem|p2a: Plasmatomb|Leftovers|[from] move: Knock Off|[of] p1a: Toxapex\n|move|p2a: Plasmatomb|Night Shade|p1a: Toxapex\n|-damage|p1a: Toxapex|67/100\n|\n|upkeep\n|turn|20\n|\n|t:|1764268372\n|switch|p1a: Tsareena|Tsareena, F|57/100\n|move|p2a: Plasmatomb|Night Shade|p1a: Tsareena\n|-damage|p1a: Tsareena|28/100\n|\n|upkeep\n|turn|21\n|\n|t:|1764268380\n|-terastallize|p2a: Plasmatomb|Poison\n|move|p1a: Tsareena|Synthesis|p1a: Tsareena\n|-heal|p1a: Tsareena|78/100\n|move|p2a: Plasmatomb|Tera Blast|p1a: Tsareena|[anim] Tera Blast Poison\n|-supereffective|p1a: Tsareena\n|-damage|p1a: Tsareena|30/100\n|\n|upkeep\n|turn|22\n|\n|t:|1764268399\n|move|p1a: Tsareena|U-turn|p2a: Plasmatomb\n|-resisted|p2a: Plasmatomb\n|-damage|p2a: Plasmatomb|77/100\n|\n|t:|1764268405\n|switch|p1a: Toxapex|Toxapex, M|100/100|[from] U-turn\n|move|p2a: Plasmatomb|Tera Blast|p1a: Toxapex|[anim] Tera Blast Poison\n|-resisted|p1a: Toxapex\n|-damage|p1a: Toxapex|92/100\n|\n|upkeep\n|turn|23\n|\n|t:|1764268411\n|move|p1a: Toxapex|Scald|p2a: Plasmatomb\n|-damage|p2a: Plasmatomb|66/100\n|-status|p2a: Plasmatomb|brn\n|move|p2a: Plasmatomb|Night Shade|p1a: Toxapex\n|-damage|p1a: Toxapex|59/100\n|\n|-damage|p2a: Plasmatomb|60/100 brn|[from] brn\n|upkeep\n|turn|24\n|\n|t:|1764268425\n|switch|p1a: Tsareena|Tsareena, F|30/100\n|switch|p2a: Donphan|Donphan, M|100/100\n|\n|upkeep\n|turn|25\n|\n|t:|1764268446\n|switch|p2a: Eelektross-Hell|Eelektross-Hell, F|53/100\n|move|p1a: Tsareena|Synthesis|p1a: Tsareena\n|-heal|p1a: Tsareena|80/100\n|\n|upkeep\n|turn|26\n|\n|t:|1764268457\n|move|p1a: Tsareena|U-turn|p2a: Eelektross-Hell\n|-damage|p2a: Eelektross-Hell|37/100\n|\n|t:|1764268460\n|switch|p1a: Toxapex|Toxapex, M|92/100|[from] U-turn\n|move|p2a: Eelektross-Hell|Knock Off|p1a: Toxapex\n|-damage|p1a: Toxapex|66/100\n|-damage|p2a: Eelektross-Hell|21/100|[from] item: Rocky Helmet|[of] p1a: Toxapex\n|-enditem|p1a: Toxapex|Rocky Helmet|[from] move: Knock Off|[of] p2a: Eelektross-Hell\n|\n|upkeep\n|turn|27\n|\n|t:|1764268468\n|move|p2a: Eelektross-Hell|Thunder Punch|p1a: Toxapex\n|-supereffective|p1a: Toxapex\n|-crit|p1a: Toxapex\n|-damage|p1a: Toxapex|28/100\n|move|p1a: Toxapex|Recover|p1a: Toxapex\n|-heal|p1a: Toxapex|78/100\n|\n|upkeep\n|turn|28\n|c|☆fiendishzealot|sorry\n|\n|t:|1764268475\n|move|p2a: Eelektross-Hell|Thunder Punch|p1a: Toxapex\n|-supereffective|p1a: Toxapex\n|-damage|p1a: Toxapex|53/100\n|move|p1a: Toxapex|Scald|p2a: Eelektross-Hell\n|-damage|p2a: Eelektross-Hell|4/100\n|\n|upkeep\n|turn|29\n|\n|t:|1764268485\n|move|p2a: Eelektross-Hell|Thunder Punch|p1a: Toxapex\n|-supereffective|p1a: Toxapex\n|-crit|p1a: Toxapex\n|-damage|p1a: Toxapex|14/100\n|move|p1a: Toxapex|Recover|p1a: Toxapex\n|-heal|p1a: Toxapex|65/100\n|\n|upkeep\n|turn|30\n|c|☆fiendishzealot|damn\n|\n|t:|1764268491\n|move|p2a: Eelektross-Hell|Thunder Punch|p1a: Toxapex\n|-supereffective|p1a: Toxapex\n|-damage|p1a: Toxapex|37/100\n|move|p1a: Toxapex|Scald|p2a: Eelektross-Hell\n|-damage|p2a: Eelektross-Hell|0 fnt\n|faint|p2a: Eelektross-Hell\n|\n|upkeep\n|c|☆SparksTheNeo|yeowch\n|\n|t:|1764268510\n|switch|p2a: Sneasler|Sneasler, M|100/100\n|turn|31\n|\n|t:|1764268517\n|move|p2a: Sneasler|Dig||[still]\n|-prepare|p2a: Sneasler|Dig\n|-enditem|p2a: Sneasler|Power Herb\n|-anim|p2a: Sneasler|Dig|p1a: Toxapex\n|-supereffective|p1a: Toxapex\n|-crit|p1a: Toxapex\n|-damage|p1a: Toxapex|0 fnt\n|faint|p1a: Toxapex\n|\n|upkeep\n|c| menace2sociteh|Lol wtf\n|c| menace2sociteh|Such a haxy game\n|c|☆fiendishzealot|this is a critical game\n|j| Vcs27979\n|c|☆SparksTheNeo|hrrrm i think i just lose here\n|l| vcs27979\n|c| menace2sociteh|What sneasler got for horsey\n|j| Vcs27979\n|l| vcs27979\n|\n|t:|1764268577\n|switch|p1a: Spectrier|Spectrier|100/100\n|turn|32\n|c|☆SparksTheNeo|da throat choppy\n|\n|t:|1764268584\n|move|p2a: Sneasler|Acrobatics|p1a: Spectrier\n|-damage|p1a: Spectrier|33/100\n|move|p1a: Spectrier|Shadow Ball|p2a: Sneasler\n|-damage|p2a: Sneasler|51/100\n|-unboost|p2a: Sneasler|spd|1\n|\n|upkeep\n|turn|33\n|c| menace2sociteh|Oh he tanky\n|c|☆SparksTheNeo|damn i did no damage\n|\n|t:|1764268601\n|move|p2a: Sneasler|Acrobatics|p1a: Spectrier\n|-damage|p1a: Spectrier|0 fnt\n|faint|p1a: Spectrier\n|\n|upkeep\n|c|☆fiendishzealot|I didn't need much speed. So tanked hp\n|\n|t:|1764268610\n|switch|p1a: Mienshao-Hoenn|Mienshao-Hoenn, F, tera:Poison|69/100 brn\n|turn|34\n|\n|t:|1764268618\n|move|p2a: Sneasler|Dig||[still]\n|-prepare|p2a: Sneasler|Dig\n|move|p1a: Mienshao-Hoenn|Surging Strikes|p2a: Sneasler|[miss]\n|-miss|p1a: Mienshao-Hoenn|p2a: Sneasler\n|\n|-damage|p1a: Mienshao-Hoenn|63/100 brn|[from] brn\n|upkeep\n|turn|35\n|j| The_Shawdoin\n|\n|t:|1764268624\n|switch|p1a: Tsareena|Tsareena, F|80/100\n|move|p2a: Sneasler|Dig|p1a: Tsareena|[from] lockedmove\n|-resisted|p1a: Tsareena\n|-damage|p1a: Tsareena|68/100\n|-damage|p2a: Sneasler|34/100|[from] item: Rocky Helmet|[of] p1a: Tsareena\n|\n|upkeep\n|turn|36\n|c| The_Shawdoin|Power herb dig good prep\n|c| menace2sociteh|Dig dig dig \n|\n|t:|1764268633\n|switch|p1a: Mienshao-Hoenn|Mienshao-Hoenn, F, tera:Poison|96/100 brn\n|move|p2a: Sneasler|Acrobatics|p1a: Mienshao-Hoenn\n|-damage|p1a: Mienshao-Hoenn|21/100 brn\n|\n|-damage|p1a: Mienshao-Hoenn|15/100 brn|[from] brn\n|upkeep\n|turn|37\n|c|☆fiendishzealot|Thank you\n|\n|t:|1764268651\n|switch|p1a: Tsareena|Tsareena, F|68/100\n|move|p2a: Sneasler|Acrobatics|p1a: Tsareena\n|-supereffective|p1a: Tsareena\n|-damage|p1a: Tsareena|5/100\n|-damage|p2a: Sneasler|18/100|[from] item: Rocky Helmet|[of] p1a: Tsareena\n|\n|upkeep\n|turn|38\n|\n|t:|1764268660\n|move|p2a: Sneasler|Acrobatics|p1a: Tsareena\n|-supereffective|p1a: Tsareena\n|-damage|p1a: Tsareena|0 fnt\n|-damage|p2a: Sneasler|1/100|[from] item: Rocky Helmet|[of] p1a: Tsareena\n|faint|p1a: Tsareena\n|\n|upkeep\n|c|☆fiendishzealot|Thank go\n|c|☆fiendishzealot|God\n|c|☆SparksTheNeo|guh\n|c|☆fiendishzealot|3hp and a dream\n|c|☆SparksTheNeo|of course i cant get that kill\n|\n|t:|1764268698\n|switch|p1a: Mienshao-Hoenn|Mienshao-Hoenn, F, tera:Poison|48/100 brn\n|turn|39\n|\n|t:|1764268701\n|switch|p1a: Roserade-Hell|Roserade-Hell-Mega, M|100/100\n|move|p2a: Sneasler|Acrobatics|p1a: Roserade-Hell\n|-damage|p1a: Roserade-Hell|37/100\n|\n|upkeep\n|turn|40\n|\n|t:|1764268709\n|move|p2a: Sneasler|Acrobatics|p1a: Roserade-Hell\n|-damage|p1a: Roserade-Hell|0 fnt\n|faint|p1a: Roserade-Hell\n|detailschange|p1: Roserade-Hell|Roserade-Hell, M|[silent]\n|\n|upkeep\n|\n|t:|1764268713\n|switch|p1a: Mienshao-Hoenn|Mienshao-Hoenn, F, tera:Poison|81/100 brn\n|turn|41\n|\n|t:|1764268719\n|move|p2a: Sneasler|Dig||[still]\n|-prepare|p2a: Sneasler|Dig\n|move|p1a: Mienshao-Hoenn|Surging Strikes|p2a: Sneasler|[miss]\n|-miss|p1a: Mienshao-Hoenn|p2a: Sneasler\n|\n|-damage|p1a: Mienshao-Hoenn|75/100 brn|[from] brn\n|upkeep\n|turn|42\n|c|☆SparksTheNeo|gg\n|\n|t:|1764268725\n|move|p2a: Sneasler|Dig|p1a: Mienshao-Hoenn|[from] lockedmove\n|-supereffective|p1a: Mienshao-Hoenn\n|-damage|p1a: Mienshao-Hoenn|0 fnt\n|faint|p1a: Mienshao-Hoenn\n|\n|win|fiendishzealot\n|c|☆fiendishzealot|ggs!\n","players":["SparksTheNeo","fiendishzealot"],"format":"[Gen 9] NatDex Draft","rating":null,"private":0,"password":null,"inputlog":">version 8a9d31cff1d14ee6b7aa1086104a557c7920492c\n>start {\"formatid\":\"gen9natdexdraft@@@Tera Type Preview\",\"seed\":\"sodium,d079d8147693e05025c3bf21206cd744\"}\n>player p1 {\"name\":\"SparksTheNeo\",\"avatar\":\"265\",\"team\":\"Spectrier||WeaknessPolicy|GrimNeigh|NastyPlot,DrainingKiss,DarkPulse,ShadowBall|Timid|,,,252,4,252|N|,0,,,,|||,,,,,Ghost]Heatran||Leftovers|FlashFire|Protect,FlashCannon,Toxic,MagmaStorm|Calm|252,,,4,252,|M|,0,,,,|||,,,,,Steel]Toxapex||RockyHelmet|Regenerator|Recover,Scald,Haze,KnockOff|Impish|248,8,252,,,|M||||,,,,,Poison]Roserade-Hell||RoseraditeHELL|NaturalCure|SwordsDance,LeafBlade,WickedBlow,PlayRough|Jolly|,252,,,4,252|M||||,,,,,Dark]Mienshao-Hoenn||ChoiceScarf|Regenerator|CloseCombat,PoisonJab,SurgingStrikes,FlipTurn|Jolly|,252,,,4,252|F||||,,,,,Poison]Tsareena||RockyHelmet|QueenlyMajesty|RapidSpin,Toxic,Synthesis,Uturn|Impish|252,4,252,,,|F||||,,,,,Grass\",\"rating\":0}\n>player p2 {\"name\":\"fiendishzealot\",\"avatar\":\"266\",\"team\":\"Donphan||RockyHelmet|Sturdy|Earthquake,IceSpinner,StealthRock,RapidSpin|Impish|252,4,252,,,|M||||,,,,,Ground]Plasmatomb||Leftovers|Infiltrator|Pursuit,ShadowSneak,TeraBlast,NightShade|Careful|252,116,,,140,|F||||,,,,,Poison]Eelektross-Hell||AssaultVest|Levitate|KnockOff,PoisonJab,DragonClaw,ThunderPunch|Impish|176,96,236,,,|F||||,,,,,Dark]Tapu Fini||Leftovers|MistySurge|Moonblast,Scald,Substitute,Taunt|Bold|236,,120,136,16,|N|,0,,,,|||,,,,,Water]Sneasler||PowerHerb|Unburden|DireClaw,CloseCombat,Dig,Acrobatics|Adamant|176,252,,,,80|M||||,,,,,Fighting]Meloetta||Leftovers|SereneGrace|RelicSong,CloseCombat,ZenHeadbutt,TripleAxel|Adamant|12,252,,,,244|N||||,,,,,Normal\",\"rating\":0}\n>chat ☆SparksTheNeo|glhf\n>chat ☆fiendishzealot|glhf\n>p1 team 5, 2, 3, 4, 1, 6\n>p2 team 4, 2, 3, 1, 5, 6\n>p1 move flipturn\n>p2 move substitute\n>p1 switch 3\n>p1 switch 6\n>p2 move taunt\n>p1 move uturn\n>p2 move moonblast\n>p1 switch 2\n>p1 switch 2\n>p2 move scald\n>chat ☆fiendishzealot|sorry\n>p1 move synthesis\n>p2 move moonblast\n>p1 move uturn\n>p2 move taunt\n>p1 switch 3\n>p1 move poisonjab terastallize\n>p2 move substitute\n>p1 move poisonjab\n>p2 move scald\n>chat  menace2sociteh|Zayumn\n>p1 move poisonjab\n>p2 switch 3\n>p1 switch 2\n>p2 move knockoff\n>p1 move magmastorm\n>p2 switch 3\n>p1 move flashcannon\n>p2 move scald\n>p1 move protect\n>p2 move scald\n>p1 move flashcannon\n>p2 move scald\n>p1 switch 4\n>p1 move leafblade mega\n>p2 move moonblast\n>chat  menace2sociteh|Damn\n>p2 switch 3\n>p1 switch 6\n>p2 move poisonjab\n>p1 move knockoff\n>p2 move thunderpunch\n>p1 move recover\n>p2 switch 2\n>p1 move knockoff\n>p2 move nightshade\n>p1 switch 3\n>p2 move nightshade\n>p1 move synthesis\n>p2 move terablast terastallize\n>p1 move uturn\n>p2 move terablast\n>p1 switch 3\n>p1 move scald\n>p2 move nightshade\n>p1 switch 3\n>p2 switch 4\n>p1 move synthesis\n>p2 switch 2\n>p1 move uturn\n>p2 move knockoff\n>p1 switch 3\n>p1 move recover\n>p2 move thunderpunch\n>chat ☆fiendishzealot|sorry\n>p1 move scald\n>p2 move thunderpunch\n>p1 move recover\n>p2 move thunderpunch\n>chat ☆fiendishzealot|damn\n>p1 move scald\n>p2 move thunderpunch\n>chat ☆SparksTheNeo|yeowch\n>p2 switch 5\n>p1 move scald\n>p2 move dig\n>chat  menace2sociteh|Lol wtf\n>chat  menace2sociteh|Such a haxy game\n>chat ☆fiendishzealot|this is a critical game\n>chat ☆SparksTheNeo|hrrrm i think i just lose here\n>chat  menace2sociteh|What sneasler got for horsey\n>p1 switch 5\n>chat ☆SparksTheNeo|da throat choppy\n>p1 move shadowball\n>p2 move acrobatics\n>chat  menace2sociteh|Oh he tanky\n>chat ☆SparksTheNeo|damn i did no damage\n>p1 move shadowball\n>p2 move acrobatics\n>chat ☆fiendishzealot|I didn't need much speed. So tanked hp\n>p1 switch 2\n>p1 move surgingstrikes\n>p2 move dig\n>p1 switch 3\n>p2 move dig\n>chat  The_Shawdoin|Power herb dig good prep\n>chat  menace2sociteh|Dig dig dig \n>p1 switch 3\n>p2 move acrobatics\n>chat ☆fiendishzealot|Thank you\n>p1 switch 3\n>p2 move acrobatics\n>p1 move rapidspin\n>p2 move acrobatics\n>chat ☆fiendishzealot|Thank go\n>chat ☆fiendishzealot|God\n>chat ☆SparksTheNeo|guh\n>chat ☆fiendishzealot|3hp and a dream\n>chat ☆SparksTheNeo|of course i cant get that kill\n>p1 switch 3\n>p1 switch 6\n>p2 move acrobatics\n>p1 move wickedblow\n>p2 move acrobatics\n>p1 switch 6\n>p1 move surgingstrikes\n>p2 move dig\n>chat ☆SparksTheNeo|gg\n>p1 move surgingstrikes\n>p2 move dig","uploadtime":1764268740}