{"id":"gen9natdexdraft-344","log":"|j|☆Amp ib\n|j|☆gravitationalballs\n|t:|1767711823\n|gametype|singles\n|player|p1|Amp ib|265|\n|player|p2|gravitationalballs|170|\n|gen|9\n|tier|[Gen 9] NatDex Draft\n|rule|Sleep Clause Mod: Limit one foe put to sleep\n|rule|OHKO Clause: OHKO moves are banned\n|rule|Evasion Clause: Evasion abilities, items, and moves are banned\n|rule|Evasion Abilities Clause: Evasion abilities are banned\n|rule|Evasion Items Clause: Evasion items are banned\n|rule|Evasion Moves Clause: Evasion moves are banned\n|rule|Endless Battle Clause: Forcing endless battles is banned\n|rule|HP Percentage Mod: HP is shown in percentages\n|clearpoke\n|poke|p1|Abomasnow, F|\n|poke|p1|Scrafty, M|\n|poke|p1|Landorus-Therian, M|\n|poke|p1|Tapu Koko|\n|poke|p1|Keldeo-Resolute|\n|poke|p1|Iron Moth|\n|poke|p2|Gliscor, F|\n|poke|p2|Alomomola, M|\n|poke|p2|Mimikyu, F|\n|poke|p2|Roaring Moon|\n|poke|p2|Gouging Fire|\n|poke|p2|Excadrill, F|\n|teampreview\n|c|☆Amp ib|Glhf\n|c|☆gravitationalballs|glhf\n|\n|t:|1767711866\n|teamsize|p1|6\n|teamsize|p2|6\n|start\n|switch|p1a: Yuji|Keldeo-Resolute|100/100\n|switch|p2a: Wordle|Gouging Fire|100/100\n|-enditem|p2a: Wordle|Booster Energy\n|-activate|p2a: Wordle|ability: Protosynthesis|[fromitem]\n|-start|p2a: Wordle|protosynthesisspe\n|turn|1\n|\n|t:|1767711910\n|-end|p2a: Wordle|Protosynthesis|[silent]\n|switch|p2a: fsh without the I|Alomomola, M|100/100\n|switch|p1a: Naobito|Landorus-Therian, M|100/100\n|-ability|p1a: Naobito|Intimidate|boost\n|-unboost|p2a: fsh without the I|atk|1\n|\n|upkeep\n|turn|2\n|\n|t:|1767711931\n|switch|p2a: goyanator|Excadrill, F|100/100\n|-ability|p2a: goyanator|Mold Breaker\n|-item|p2a: goyanator|Air Balloon\n|move|p1a: Naobito|Stealth Rock|p2a: goyanator\n|-sidestart|p2: gravitationalballs|move: Stealth Rock\n|\n|upkeep\n|turn|3\n|\n|t:|1767711945\n|move|p2a: goyanator|Swords Dance|p2a: goyanator\n|-boost|p2a: goyanator|atk|2\n|move|p1a: Naobito|U-turn|p2a: goyanator\n|-resisted|p2a: goyanator\n|-damage|p2a: goyanator|86/100\n|-enditem|p2a: goyanator|Air Balloon\n|\n|t:|1767711952\n|switch|p1a: Yuji|Keldeo-Resolute|100/100|[from] U-turn\n|\n|upkeep\n|turn|4\n|\n|t:|1767711973\n|switch|p2a: fsh without the I|Alomomola, M|100/100\n|-damage|p2a: fsh without the I|88/100|[from] Stealth Rock\n|move|p1a: Yuji|Secret Sword|p2a: fsh without the I\n|-damage|p2a: fsh without the I|54/100\n|\n|upkeep\n|turn|5\n|\n|t:|1767711995\n|switch|p1a: Yuta|Abomasnow, F|100/100\n|-weather|Snowscape|[from] ability: Snow Warning|[of] p1a: Yuta\n|move|p2a: fsh without the I|Flip Turn|p1a: Yuta\n|-resisted|p1a: Yuta\n|-damage|p1a: Yuta|94/100\n|\n|t:|1767712011\n|switch|p2a: Wordle|Gouging Fire|100/100|[from] Flip Turn\n|-damage|p2a: Wordle|76/100|[from] Stealth Rock\n|\n|-weather|Snowscape|[upkeep]\n|upkeep\n|turn|6\n|\n|t:|1767712038\n|switch|p1a: Naobito|Landorus-Therian, M|100/100\n|-ability|p1a: Naobito|Intimidate|boost\n|-unboost|p2a: Wordle|atk|1\n|move|p2a: Wordle|Dragon Dance|p2a: Wordle\n|-boost|p2a: Wordle|atk|1\n|-boost|p2a: Wordle|spe|1\n|\n|-weather|Snowscape|[upkeep]\n|upkeep\n|turn|7\n|\n|t:|1767712054\n|-end|p2a: Wordle|Protosynthesis|[silent]\n|switch|p2a: IF BOULDER ❌ PROT|Gliscor, F|100/100\n|-damage|p2a: IF BOULDER ❌ PROT|88/100|[from] Stealth Rock\n|move|p1a: Naobito|Earthquake|p2a: IF BOULDER ❌ PROT\n|-immune|p2a: IF BOULDER ❌ PROT\n|\n|-weather|Snowscape|[upkeep]\n|-status|p2a: IF BOULDER ❌ PROT|tox|[from] item: Toxic Orb\n|upkeep\n|turn|8\n|\n|t:|1767712065\n|move|p2a: IF BOULDER ❌ PROT|Toxic|p1a: Naobito|[miss]\n|-miss|p2a: IF BOULDER ❌ PROT|p1a: Naobito\n|move|p1a: Naobito|U-turn|p2a: IF BOULDER ❌ PROT\n|-resisted|p2a: IF BOULDER ❌ PROT\n|-damage|p2a: IF BOULDER ❌ PROT|79/100 tox\n|c|☆gravitationalballs|oh hell nah\n|c|☆gravitationalballs|bro i swear toxic is like 20 percent accurate\n|c|☆Amp ib|Facts bro\n|c|☆gravitationalballs|i never hit this frickin move bro\n|\n|t:|1767712108\n|switch|p1a: Yuta|Abomasnow, F|94/100|[from] U-turn\n|\n|-weather|Snowscape|[upkeep]\n|-heal|p2a: IF BOULDER ❌ PROT|91/100 tox|[from] ability: Poison Heal\n|upkeep\n|turn|9\n|\n|t:|1767712136\n|switch|p2a: Wordle|Gouging Fire|76/100\n|-damage|p2a: Wordle|51/100|[from] Stealth Rock\n|move|p1a: Yuta|Blizzard|p2a: Wordle\n|-damage|p2a: Wordle|10/100\n|\n|-weather|none\n|upkeep\n|turn|10\n|\n|t:|1767712147\n|switch|p1a: Naobito|Landorus-Therian, M|100/100\n|-ability|p1a: Naobito|Intimidate|boost\n|-unboost|p2a: Wordle|atk|1\n|move|p2a: Wordle|Morning Sun|p2a: Wordle\n|-heal|p2a: Wordle|60/100\n|\n|upkeep\n|turn|11\n|\n|t:|1767712162\n|-end|p2a: Wordle|Protosynthesis|[silent]\n|switch|p2a: IF BOULDER ❌ PROT|Gliscor, F|91/100 tox\n|-damage|p2a: IF BOULDER ❌ PROT|79/100 tox|[from] Stealth Rock\n|move|p1a: Naobito|Earthquake|p2a: IF BOULDER ❌ PROT\n|-immune|p2a: IF BOULDER ❌ PROT\n|\n|-heal|p2a: IF BOULDER ❌ PROT|91/100 tox|[from] ability: Poison Heal\n|upkeep\n|turn|12\n|\n|t:|1767712170\n|switch|p1a: Yuta|Abomasnow, F|94/100\n|-weather|Snowscape|[from] ability: Snow Warning|[of] p1a: Yuta\n|move|p2a: IF BOULDER ❌ PROT|Toxic|p1a: Yuta\n|-status|p1a: Yuta|tox\n|\n|-weather|Snowscape|[upkeep]\n|-damage|p1a: Yuta|87/100 tox|[from] psn\n|-heal|p2a: IF BOULDER ❌ PROT|100/100 tox|[from] ability: Poison Heal\n|upkeep\n|turn|13\n|j| gemsarose\n|\n|t:|1767712178\n|move|p2a: IF BOULDER ❌ PROT|Protect|p2a: IF BOULDER ❌ PROT\n|-singleturn|p2a: IF BOULDER ❌ PROT|Protect\n|move|p1a: Yuta|Blizzard|p2a: IF BOULDER ❌ PROT\n|-activate|p2a: IF BOULDER ❌ PROT|move: Protect\n|\n|-weather|Snowscape|[upkeep]\n|-damage|p1a: Yuta|75/100 tox|[from] psn\n|upkeep\n|turn|14\n|\n|t:|1767712189\n|switch|p2a: fsh without the I|Alomomola, M|87/100\n|-damage|p2a: fsh without the I|75/100|[from] Stealth Rock\n|move|p1a: Yuta|Blizzard|p2a: fsh without the I\n|-resisted|p2a: fsh without the I\n|-damage|p2a: fsh without the I|58/100\n|\n|-weather|Snowscape|[upkeep]\n|-damage|p1a: Yuta|56/100 tox|[from] psn\n|upkeep\n|turn|15\n|\n|t:|1767712219\n|switch|p1a: Yuji|Keldeo-Resolute|100/100\n|switch|p2a: speedy boi|Roaring Moon|100/100\n|\n|-weather|Snowscape|[upkeep]\n|upkeep\n|turn|16\n|\n|t:|1767712249\n|-end|p2a: speedy boi|Protosynthesis|[silent]\n|switch|p2a: fsh without the I|Alomomola, M|91/100\n|-damage|p2a: fsh without the I|79/100|[from] Stealth Rock\n|move|p1a: Yuji|Secret Sword|p2a: fsh without the I\n|-damage|p2a: fsh without the I|46/100\n|\n|-weather|none\n|upkeep\n|turn|17\n|\n|t:|1767712304\n|move|p1a: Yuji|Secret Sword|p2a: fsh without the I\n|-damage|p2a: fsh without the I|10/100\n|move|p2a: fsh without the I|Flip Turn|p1a: Yuji\n|-resisted|p1a: Yuji\n|-damage|p1a: Yuji|93/100\n|\n|t:|1767712311\n|switch|p2a: rip off pikachu|Mimikyu, F|100/100|[from] Flip Turn\n|-damage|p2a: rip off pikachu|88/100|[from] Stealth Rock\n|\n|upkeep\n|turn|18\n|\n|t:|1767712321\n|switch|p1a: Naobito|Landorus-Therian, M|100/100\n|-ability|p1a: Naobito|Intimidate|boost\n|-unboost|p2a: rip off pikachu|atk|1\n|move|p2a: rip off pikachu|Play Rough|p1a: Naobito\n|-damage|p1a: Naobito|82/100\n|-damage|p2a: rip off pikachu|72/100|[from] item: Rocky Helmet|[of] p1a: Naobito\n|\n|upkeep\n|turn|19\n|\n|t:|1767712334\n|switch|p2a: IF BOULDER ❌ PROT|Gliscor, F|100/100 tox\n|-damage|p2a: IF BOULDER ❌ PROT|88/100 tox|[from] Stealth Rock\n|move|p1a: Naobito|U-turn|p2a: IF BOULDER ❌ PROT\n|-resisted|p2a: IF BOULDER ❌ PROT\n|-damage|p2a: IF BOULDER ❌ PROT|80/100 tox\n|\n|t:|1767712342\n|switch|p1a: Yuta|Abomasnow, F|56/100 tox|[from] U-turn\n|-weather|Snowscape|[from] ability: Snow Warning|[of] p1a: Yuta\n|\n|-weather|Snowscape|[upkeep]\n|-damage|p1a: Yuta|50/100 tox|[from] psn\n|-heal|p2a: IF BOULDER ❌ PROT|92/100 tox|[from] ability: Poison Heal\n|upkeep\n|turn|20\n|\n|t:|1767712350\n|switch|p2a: fsh without the I|Alomomola, M|43/100\n|-damage|p2a: fsh without the I|31/100|[from] Stealth Rock\n|move|p1a: Yuta|Blizzard|p2a: fsh without the I\n|-resisted|p2a: fsh without the I\n|-damage|p2a: fsh without the I|11/100\n|\n|-weather|Snowscape|[upkeep]\n|-damage|p1a: Yuta|38/100 tox|[from] psn\n|upkeep\n|turn|21\n|\n|t:|1767712364\n|switch|p2a: goyanator|Excadrill, F|86/100\n|-damage|p2a: goyanator|82/100|[from] Stealth Rock\n|-ability|p2a: goyanator|Mold Breaker\n|move|p1a: Yuta|Blizzard|p2a: goyanator\n|-damage|p2a: goyanator|19/100\n|\n|-weather|Snowscape|[upkeep]\n|-damage|p1a: Yuta|19/100 tox|[from] psn\n|upkeep\n|turn|22\n|\n|t:|1767712377\n|move|p1a: Yuta|Blizzard|p2a: goyanator\n|-damage|p2a: goyanator|0 fnt\n|faint|p2a: goyanator\n|\n|-weather|Snowscape|[upkeep]\n|-damage|p1a: Yuta|0 fnt|[from] psn\n|faint|p1a: Yuta\n|upkeep\n|c|☆gravitationalballs|oops\n|c|☆Amp ib|THATS A KILL FOR YOUNG SNOW\n|c| gemsarose|fastest aboma in the biz?\n|c|☆gravitationalballs|wait howd u outspeed\n|c| gemsarose|yeah thats im saying\n|c|☆Amp ib|Scarf duh\n|c|☆gravitationalballs|oh wtf lol\n|c| gemsarose|raw asf\n|\n|t:|1767712443\n|switch|p2a: fsh without the I|Alomomola, M|45/100\n|switch|p1a: Yuji|Keldeo-Resolute|93/100\n|-damage|p2a: fsh without the I|32/100|[from] Stealth Rock\n|turn|23\n|j| orectolobiformes\n|\n|t:|1767712470\n|switch|p2a: Wordle|Gouging Fire|60/100\n|-damage|p2a: Wordle|35/100|[from] Stealth Rock\n|move|p1a: Yuji|Flip Turn|p2a: Wordle\n|-damage|p2a: Wordle|24/100\n|\n|t:|1767712480\n|switch|p1a: Kashimo|Tapu Koko|100/100|[from] Flip Turn\n|-fieldstart|move: Electric Terrain|[from] ability: Electric Surge|[of] p1a: Kashimo\n|\n|-weather|none\n|upkeep\n|turn|24\n|\n|t:|1767712491\n|move|p1a: Kashimo|Dazzling Gleam|p2a: Wordle\n|-damage|p2a: Wordle|0 fnt\n|faint|p2a: Wordle\n|-end|p2a: Wordle|Protosynthesis|[silent]\n|-damage|p1a: Kashimo|91/100|[from] item: Life Orb\n|\n|upkeep\n|\n|t:|1767712509\n|switch|p2a: IF BOULDER ❌ PROT|Gliscor, F|92/100 tox\n|-damage|p2a: IF BOULDER ❌ PROT|80/100 tox|[from] Stealth Rock\n|turn|25\n|\n|t:|1767712521\n|switch|p1a: Ino|Scrafty, M|100/100\n|-ability|p1a: Ino|Intimidate|boost\n|-unboost|p2a: IF BOULDER ❌ PROT|atk|1\n|move|p2a: IF BOULDER ❌ PROT|Protect||[still]\n|-fail|p2a: IF BOULDER ❌ PROT\n|\n|-heal|p2a: IF BOULDER ❌ PROT|92/100 tox|[from] ability: Poison Heal\n|upkeep\n|turn|26\n|\n|t:|1767712528\n|move|p1a: Ino|Dragon Dance|p1a: Ino\n|-boost|p1a: Ino|atk|1\n|-boost|p1a: Ino|spe|1\n|move|p2a: IF BOULDER ❌ PROT|Toxic|p1a: Ino\n|-status|p1a: Ino|tox\n|\n|-damage|p1a: Ino|94/100 tox|[from] psn\n|-heal|p2a: IF BOULDER ❌ PROT|100/100 tox|[from] ability: Poison Heal\n|upkeep\n|turn|27\n|\n|t:|1767712533\n|move|p1a: Ino|Dragon Dance|p1a: Ino\n|-boost|p1a: Ino|atk|1\n|-boost|p1a: Ino|spe|1\n|move|p2a: IF BOULDER ❌ PROT|Taunt|p1a: Ino\n|-start|p1a: Ino|move: Taunt\n|\n|-damage|p1a: Ino|82/100 tox|[from] psn\n|-fieldend|move: Electric Terrain\n|upkeep\n|turn|28\n|\n|t:|1767712542\n|detailschange|p1a: Ino|Scrafty-Mega-ZA, M\n|-mega|p1a: Ino|Scrafty|ScraftiniteZA\n|-ability|p1a: Ino|Intimidate|boost\n|-unboost|p2a: IF BOULDER ❌ PROT|atk|1\n|move|p1a: Ino|Knock Off|p2a: IF BOULDER ❌ PROT\n|-damage|p2a: IF BOULDER ❌ PROT|26/100 tox\n|-enditem|p2a: IF BOULDER ❌ PROT|Toxic Orb|[from] move: Knock Off|[of] p1a: Ino\n|move|p2a: IF BOULDER ❌ PROT|Earthquake|p1a: Ino\n|-damage|p1a: Ino|67/100 tox\n|\n|-damage|p1a: Ino|49/100 tox|[from] psn\n|-heal|p2a: IF BOULDER ❌ PROT|38/100 tox|[from] ability: Poison Heal\n|upkeep\n|turn|29\n|\n|t:|1767712552\n|move|p2a: IF BOULDER ❌ PROT|Protect|p2a: IF BOULDER ❌ PROT\n|-singleturn|p2a: IF BOULDER ❌ PROT|Protect\n|move|p1a: Ino|Knock Off|p2a: IF BOULDER ❌ PROT\n|-activate|p2a: IF BOULDER ❌ PROT|move: Protect\n|\n|-damage|p1a: Ino|25/100 tox|[from] psn\n|-heal|p2a: IF BOULDER ❌ PROT|50/100 tox|[from] ability: Poison Heal\n|upkeep\n|turn|30\n|c|☆Amp ib|Ngl taunt cooked this set\n|c| orectolobiformes|rest talk GO\n|c|☆Amp ib|and I played wrong whoops\n|c|☆gravitationalballs|yeah lol thats why i brought it\n|\n|t:|1767712587\n|move|p2a: IF BOULDER ❌ PROT|Protect|p2a: IF BOULDER ❌ PROT\n|-singleturn|p2a: IF BOULDER ❌ PROT|Protect\n|move|p1a: Ino|Knock Off|p2a: IF BOULDER ❌ PROT\n|-activate|p2a: IF BOULDER ❌ PROT|move: Protect\n|\n|-damage|p1a: Ino|0 fnt|[from] psn\n|faint|p1a: Ino\n|detailschange|p1: Ino|Scrafty, M|[silent]\n|-heal|p2a: IF BOULDER ❌ PROT|63/100 tox|[from] ability: Poison Heal\n|upkeep\n|\n|t:|1767712589\n|switch|p1a: Yuji|Keldeo-Resolute|93/100\n|turn|31\n|c|☆gravitationalballs|double protect leshgpo\n|c|☆gravitationalballs|absolute cinema\n|c|☆gravitationalballs|always bet on the double protect\n|\n|t:|1767712610\n|move|p1a: Yuji|Hydro Pump|p2a: IF BOULDER ❌ PROT\n|-supereffective|p2a: IF BOULDER ❌ PROT\n|-damage|p2a: IF BOULDER ❌ PROT|0 fnt\n|faint|p2a: IF BOULDER ❌ PROT\n|\n|upkeep\n|c|☆gravitationalballs|whoops\n|c|☆gravitationalballs|uhhh\n|\n|t:|1767712624\n|switch|p2a: rip off pikachu|Mimikyu, F|72/100\n|-damage|p2a: rip off pikachu|59/100|[from] Stealth Rock\n|turn|32\n|c| gemsarose|double iron bash keld watchout\n|c| orectolobiformes|sunsteel strike\n|\n|t:|1767712659\n|switch|p1a: Naobito|Landorus-Therian, M|82/100\n|-ability|p1a: Naobito|Intimidate|boost\n|-unboost|p2a: rip off pikachu|atk|1\n|move|p2a: rip off pikachu|Play Rough|p1a: Naobito\n|-damage|p1a: Naobito|62/100\n|-damage|p2a: rip off pikachu|43/100|[from] item: Rocky Helmet|[of] p1a: Naobito\n|\n|upkeep\n|turn|33\n|\n|t:|1767712669\n|switch|p2a: speedy boi|Roaring Moon|100/100\n|move|p1a: Naobito|Earthquake|p2a: speedy boi\n|-damage|p2a: speedy boi|38/100\n|\n|upkeep\n|turn|34\n|\n|t:|1767712680\n|move|p2a: speedy boi|Knock Off|p1a: Naobito\n|-damage|p1a: Naobito|30/100\n|-damage|p2a: speedy boi|21/100|[from] item: Rocky Helmet|[of] p1a: Naobito\n|-enditem|p1a: Naobito|Rocky Helmet|[from] move: Knock Off|[of] p2a: speedy boi\n|move|p1a: Naobito|Earthquake|p2a: speedy boi\n|-damage|p2a: speedy boi|0 fnt\n|faint|p2a: speedy boi\n|-end|p2a: speedy boi|Protosynthesis|[silent]\n|\n|upkeep\n|\n|t:|1767712688\n|switch|p2a: fsh without the I|Alomomola, M|65/100\n|-damage|p2a: fsh without the I|53/100|[from] Stealth Rock\n|turn|35\n|\n|t:|1767712702\n|move|p1a: Naobito|U-turn|p2a: fsh without the I\n|-damage|p2a: fsh without the I|41/100\n|c|☆gravitationalballs|mola solos\n|\n|t:|1767712711\n|switch|p1a: Kashimo|Tapu Koko|91/100|[from] U-turn\n|-fieldstart|move: Electric Terrain|[from] ability: Electric Surge|[of] p1a: Kashimo\n|move|p2a: fsh without the I|Flip Turn|p1a: Kashimo\n|-damage|p1a: Kashimo|70/100\n|\n|t:|1767712717\n|switch|p2a: rip off pikachu|Mimikyu, F|43/100|[from] Flip Turn\n|-damage|p2a: rip off pikachu|30/100|[from] Stealth Rock\n|\n|upkeep\n|turn|36\n|\n|t:|1767712726\n|move|p1a: Kashimo|Volt Switch|p2a: rip off pikachu\n|-activate|p2a: rip off pikachu|ability: Disguise\n|-damage|p2a: rip off pikachu|30/100\n|detailschange|p2a: rip off pikachu|Mimikyu-Busted, F\n|-damage|p2a: rip off pikachu|18/100|[from] pokemon: Mimikyu-Busted\n|-damage|p1a: Kashimo|60/100|[from] item: Life Orb\n|\n|t:|1767712729\n|switch|p1a: Naobito|Landorus-Therian, M|30/100|[from] Volt Switch\n|-ability|p1a: Naobito|Intimidate|boost\n|-unboost|p2a: rip off pikachu|atk|1\n|move|p2a: rip off pikachu|Play Rough|p1a: Naobito\n|-damage|p1a: Naobito|13/100\n|\n|upkeep\n|turn|37\n|\n|t:|1767712737\n|switch|p1a: Junpei|Iron Moth|100/100\n|-activate|p1a: Junpei|ability: Quark Drive\n|-start|p1a: Junpei|quarkdrivespe\n|move|p2a: rip off pikachu|Shadow Claw|p1a: Junpei\n|-damage|p1a: Junpei|70/100\n|\n|-heal|p1a: Junpei|76/100|[from] item: Black Sludge\n|upkeep\n|turn|38\n|\n|t:|1767712746\n|move|p1a: Junpei|Fiery Dance|p2a: rip off pikachu\n|-damage|p2a: rip off pikachu|0 fnt\n|-boost|p1a: Junpei|spa|1\n|faint|p2a: rip off pikachu\n|\n|-heal|p1a: Junpei|82/100|[from] item: Black Sludge\n|upkeep\n|\n|t:|1767712749\n|switch|p2a: fsh without the I|Alomomola, M|75/100\n|-damage|p2a: fsh without the I|62/100|[from] Stealth Rock\n|turn|39\n|c|☆Amp ib|Gg\n|\n|t:|1767712755\n|move|p1a: Junpei|Energy Ball|p2a: fsh without the I\n|-supereffective|p2a: fsh without the I\n|-damage|p2a: fsh without the I|0 fnt\n|faint|p2a: fsh without the I\n|\n|win|Amp ib\n|c|☆gravitationalballs|gg\n|l|☆gravitationalballs\n|player|p2|\n","players":["Amp ib","gravitationalballs"],"format":"[Gen 9] NatDex Draft","rating":null,"private":0,"password":null,"inputlog":">version 0d0a8c252a1f8ab806681f673fdafaf34a87df55\n>start {\"formatid\":\"gen9natdexdraft\",\"seed\":\"sodium,8c4ef2c2ec58b934fdabe599cafd811f\"}\n>player p1 {\"name\":\"Amp ib\",\"avatar\":\"265\",\"team\":\"Yuta|Abomasnow|ChoiceScarf|SnowWarning|Blizzard,IceBeam,GigaDrain,EarthPower|Timid|,,,252,4,252|F|,0,,,,|||,,,,,Grass]Ino|Scrafty|ScraftiniteZA|Intimidate|DragonDance,KnockOff,Rest,SleepTalk|Jolly|160,96,,,,252|M||||,,,,,Dark]Naobito|LandorusTherian|RockyHelmet|Intimidate|Uturn,Earthquake,Taunt,StealthRock|Impish|248,,252,,,8|M||||,,,,,Ground]Kashimo|TapuKoko|LifeOrb|ElectricSurge|VoltSwitch,Thunderbolt,DazzlingGleam,Roost|Timid|,,,252,4,252|N|,0,,,,|||,,,,,Electric]Yuji|KeldeoResolute|ChoiceSpecs|Justified|HydroPump,FlipTurn,SecretSword,VacuumWave|Timid|,,,252,4,252|N||||,,,,,Water]Junpei|IronMoth|BlackSludge|QuarkDrive|Substitute,FieryDance,SludgeWave,EnergyBall|Timid|120,,,132,4,252|N|,0,,,,|||,,,,,Fire\",\"rating\":0}\n>player p2 {\"name\":\"gravitationalballs\",\"avatar\":\"170\",\"team\":\"IF BOULDER ❌ PROT|Gliscor|ToxicOrb|PoisonHeal|Toxic,Taunt,Earthquake,Protect|Careful|252,,4,,252,|F||||,,,,,Ground]fsh without the I|Alomomola|AssaultVest|Regenerator|Scald,FlipTurn,MirrorCoat,AquaJet|Bold|252,,252,,4,|M||||,,,,,Water]rip off pikachu|Mimikyu|RockyHelmet|Disguise|WillOWisp,ShadowClaw,ThunderWave,PlayRough|Adamant|132,252,,,,124|F||||,,,,,Ghost]speedy boi|RoaringMoon|HeavyDutyBoots|Protosynthesis|KnockOff,Roost,Earthquake,Uturn|Jolly|,72,,,252,184|N||||,,,,,Dragon]Wordle|GougingFire|BoosterEnergy|Protosynthesis|HeatCrash,DragonDance,MorningSun,DragonClaw|Jolly|252,28,44,,,184|N||||,Fighting,,,,Fire]goyanator|Excadrill|AirBalloon|MoldBreaker|RapidSpin,Earthquake,RockSlide,SwordsDance|Adamant|,252,68,,,188|F||||,,,,,Ground\",\"rating\":0}\n>chat ☆Amp ib|Glhf\n>chat ☆gravitationalballs|glhf\n>p1 team 5, 2, 3, 4, 1, 6\n>p2 team 5, 2, 3, 4, 1, 6\n>p1 switch 3\n>p2 switch 2\n>p1 move stealthrock\n>p2 switch 6\n>p1 move uturn\n>p2 move swordsdance\n>p1 switch 3\n>p1 move secretsword\n>p2 switch 6\n>p1 switch 5\n>p2 move flipturn\n>p2 switch 2\n>p1 switch 3\n>p2 move dragondance\n>p1 move earthquake\n>p2 switch 5\n>p1 move uturn\n>p2 move toxic\n>chat ☆gravitationalballs|oh hell nah\n>chat ☆gravitationalballs|bro i swear toxic is like 20 percent accurate\n>chat ☆Amp ib|Facts bro\n>chat ☆gravitationalballs|i never hit this frickin move bro\n>p1 switch 3\n>p1 move blizzard\n>p2 switch 5\n>p1 switch 3\n>p2 move morningsun\n>p1 move earthquake\n>p2 switch 5\n>p1 switch 3\n>p2 move toxic\n>p1 move blizzard\n>p2 move protect\n>p1 move blizzard\n>p2 switch 2\n>p1 switch 5\n>p2 switch 4\n>p1 move secretsword\n>p2 switch 4\n>p1 move secretsword\n>p2 move flipturn\n>p2 switch 3\n>p1 switch 3\n>p2 move playrough\n>p1 move uturn\n>p2 switch 2\n>p1 switch 5\n>p1 move blizzard\n>p2 switch 3\n>p1 move blizzard\n>p2 switch 6\n>p1 move blizzard\n>p2 move rapidspin\n>chat ☆gravitationalballs|oops\n>chat ☆Amp ib|THATS A KILL FOR YOUNG SNOW\n>chat  gemsarose|fastest aboma in the biz?\n>chat ☆gravitationalballs|wait howd u outspeed\n>chat  gemsarose|yeah thats im saying\n>chat ☆Amp ib|Scarf duh\n>chat ☆gravitationalballs|oh wtf lol\n>chat  gemsarose|raw asf\n>p1 switch 3\n>p2 switch 6\n>p1 move flipturn\n>p2 switch 5\n>p1 switch 4\n>p1 move dazzlinggleam\n>p2 move morningsun\n>p2 switch 3\n>p1 switch 2\n>p2 move protect\n>p1 move dragondance\n>p2 move toxic\n>p1 move dragondance\n>p2 move taunt\n>p1 move knockoff mega\n>p2 move earthquake\n>p1 move knockoff\n>p2 move protect\n>chat ☆Amp ib|Ngl taunt cooked this set\n>chat  orectolobiformes|rest talk GO\n>chat ☆Amp ib|and I played wrong whoops\n>chat ☆gravitationalballs|yeah lol thats why i brought it\n>p1 move knockoff\n>p2 move protect\n>p1 switch 4\n>chat ☆gravitationalballs|double protect leshgpo\n>chat ☆gravitationalballs|absolute cinema\n>chat ☆gravitationalballs|always bet on the double protect\n>p1 move hydropump\n>p2 move toxic\n>chat ☆gravitationalballs|whoops\n>chat ☆gravitationalballs|uhhh\n>p2 switch 2\n>chat  gemsarose|double iron bash keld watchout\n>chat  orectolobiformes|sunsteel strike\n>p1 switch 5\n>p2 move playrough\n>p1 move earthquake\n>p2 switch 4\n>p1 move earthquake\n>p2 move knockoff\n>p2 switch 5\n>p1 move uturn\n>p2 move flipturn\n>chat ☆gravitationalballs|mola solos\n>p1 switch 2\n>p2 switch 4\n>p1 move voltswitch\n>p2 move playrough\n>p1 switch 2\n>p1 switch 6\n>p2 move shadowclaw\n>p1 move fierydance\n>p2 move shadowclaw\n>p2 switch 4\n>chat ☆Amp ib|Gg\n>p1 move energyball\n>p2 move mirrorcoat","uploadtime":1767712763}