{"id":"gen9natdexdraft-274","log":"|j|☆John961\n|j|☆NottaDoc\n|t:|1762739370\n|gametype|singles\n|player|p1|John961|2|\n|player|p2|NottaDoc|169|\n|gen|9\n|tier|[Gen 9] NatDex Draft\n|rule|Tera Type Preview: Tera Types are shown at Team Preview\n|rule|Sleep Clause Mod: Limit one foe put to sleep\n|rule|OHKO Clause: OHKO moves are banned\n|rule|Evasion Clause: Evasion abilities, items, and moves are banned\n|rule|Evasion Abilities Clause: Evasion abilities are banned\n|rule|Evasion Items Clause: Evasion items are banned\n|rule|Evasion Moves Clause: Evasion moves are banned\n|rule|Endless Battle Clause: Forcing endless battles is banned\n|rule|HP Percentage Mod: HP is shown in percentages\n|raw|<div class=\"infobox\"><details class=\"readmore\" open><summary><strong>1 custom rule:</strong></summary> Tera Type Preview</details></div>\n|clearpoke\n|poke|p1|Togekiss, M|\n|poke|p1|Paleogeist, M|\n|poke|p1|Amoonguss, M|\n|poke|p1|Iron Pixel, F|\n|poke|p1|Iron Gear, M|\n|poke|p1|Hydreigon, F|\n|poke|p2|Landorus-Therian, M|\n|poke|p2|Gyarados, F|\n|poke|p2|Greninja-*, M|\n|poke|p2|Ledigod, F|\n|poke|p2|Charjabug, F|\n|poke|p2|Iron Drill, M|\n|raw|John961's Tera Types:<br /><psicon pokemon=\"togekiss\" /><psicon type=\"Fairy\" /> / <psicon pokemon=\"paleogeist\" /><psicon type=\"Ghost\" /> / <psicon pokemon=\"amoonguss\" /><psicon type=\"Grass\" /> / <psicon pokemon=\"ironpixel\" /><psicon type=\"Poison\" /> / <psicon pokemon=\"irongear\" /><psicon type=\"Psychic\" /> / <psicon pokemon=\"hydreigon\" /><psicon type=\"Dark\" />\n|raw|NottaDoc's Tera Types:<br /><psicon pokemon=\"landorustherian\" /><psicon type=\"Ground\" /> / <psicon pokemon=\"gyarados\" /><psicon type=\"Water\" /> / <psicon pokemon=\"greninja\" /><psicon type=\"Water\" /> / <psicon pokemon=\"ledigod\" /><psicon type=\"Ground\" /> / <psicon pokemon=\"charjabug\" /><psicon type=\"Bug\" /> / <psicon pokemon=\"irondrill\" /><psicon type=\"Grass\" />\n|teampreview\n|c|☆NottaDoc|glhf\n|c|☆John961|Glhf\n|\n|t:|1762739492\n|teamsize|p1|6\n|teamsize|p2|6\n|start\n|switch|p1a: Ghidorha|Hydreigon, F|100/100\n|switch|p2a: Gyarados|Gyarados, F|100/100\n|-ability|p2a: Gyarados|Intimidate|boost\n|-unboost|p1a: Ghidorha|atk|1\n|turn|1\n|j| the_Shawdoin\n|c| the_Shawdoin|Watching matches live gives me the thrill of a gambler with pickems\n|c| the_Shawdoin|I don't enjoy sports so this probs the closest I'll be lol\n|\n|t:|1762739639\n|switch|p2a: Greninja|Greninja, M|100/100\n|move|p1a: Ghidorha|Draco Meteor|p2a: Greninja\n|-damage|p2a: Greninja|3/100\n|-unboost|p1a: Ghidorha|spa|2\n|\n|upkeep\n|turn|2\n|c|☆NottaDoc|ouch\n|\n|t:|1762739658\n|move|p1a: Ghidorha|Draco Meteor|p2a: Greninja\n|-damage|p2a: Greninja|0 fnt\n|-unboost|p1a: Ghidorha|spa|2\n|faint|p2a: Greninja\n|\n|upkeep\n|\n|t:|1762739669\n|switch|p2a: Ledigod|Ledigod, F|100/100\n|turn|3\n|\n|t:|1762739674\n|switch|p1a: Generic Sussy|Amoonguss, M, shiny|100/100\n|move|p2a: Ledigod|Victory Dance|p2a: Ledigod\n|-boost|p2a: Ledigod|atk|1\n|-boost|p2a: Ledigod|def|1\n|-boost|p2a: Ledigod|spe|1\n|\n|upkeep\n|turn|4\n|j|~SparksTheNeo\n|c|~SparksTheNeo|charjabug\n|\n|t:|1762739747\n|detailschange|p1a: Generic Sussy|Amoonguss-Mega, M, shiny\n|-mega|p1a: Generic Sussy|Amoonguss|Vent\n|move|p2a: Ledigod|Victory Dance|p2a: Ledigod\n|-boost|p2a: Ledigod|atk|1\n|-boost|p2a: Ledigod|def|1\n|-boost|p2a: Ledigod|spe|1\n|move|p1a: Generic Sussy|Clear Smog|p2a: Ledigod\n|-damage|p2a: Ledigod|79/100\n|-clearboost|p2a: Ledigod\n|\n|-heal|p2a: Ledigod|85/100|[from] item: Leftovers\n|upkeep\n|turn|5\n|c|~SparksTheNeo|owned\n|\n|t:|1762739763\n|move|p2a: Ledigod|Victory Dance|p2a: Ledigod\n|-boost|p2a: Ledigod|atk|1\n|-boost|p2a: Ledigod|def|1\n|-boost|p2a: Ledigod|spe|1\n|move|p1a: Generic Sussy|Spore|p2a: Ledigod\n|-status|p2a: Ledigod|slp|[from] move: Spore\n|\n|-heal|p2a: Ledigod|91/100 slp|[from] item: Leftovers\n|upkeep\n|turn|6\n|\n|t:|1762739774\n|switch|p2a: Charjabug|Charjabug, F|100/100\n|move|p1a: Generic Sussy|Clear Smog|p2a: Charjabug\n|-damage|p2a: Charjabug|81/100\n|-clearboost|p2a: Charjabug\n|\n|upkeep\n|turn|7\n|c|~SparksTheNeo|early bird ledigod if real\n|c|☆NottaDoc|coaching\n|c|☆NottaDoc|ban that guy\n|c|~SparksTheNeo|on it\n|\n|t:|1762739810\n|-heal|p1a: Generic Sussy|100/100|[from] ability: Ejected\n|switch|p1a: Jack and Jill|Iron Pixel, F, shiny|100/100\n|-enditem|p1a: Jack and Jill|Booster Energy\n|-activate|p1a: Jack and Jill|ability: Quark Drive|[fromitem]\n|-start|p1a: Jack and Jill|quarkdrivespe\n|move|p2a: Charjabug|Sticky Web|p1a: Jack and Jill\n|-sidestart|p1: John961|move: Sticky Web\n|\n|upkeep\n|turn|8\n|c|~SparksTheNeo|charjabug wins this 1v1\n|\n|t:|1762739829\n|move|p1a: Jack and Jill|Charge Beam|p2a: Charjabug\n|-resisted|p2a: Charjabug\n|-damage|p2a: Charjabug|69/100\n|move|p2a: Charjabug|Volt Switch|p1a: Jack and Jill\n|-resisted|p1a: Jack and Jill\n|-damage|p1a: Jack and Jill|93/100\n|c|☆NottaDoc|hes really like that\n|\n|t:|1762739862\n|switch|p2a: Gyarados|Gyarados, F|100/100|[from] Volt Switch\n|-ability|p2a: Gyarados|Intimidate|boost\n|-unboost|p1a: Jack and Jill|atk|1\n|\n|upkeep\n|turn|9\n|\n|t:|1762739966\n|detailschange|p2a: Gyarados|Gyarados-Mega-Y, F\n|-mega|p2a: Gyarados|Gyarados|Gyaradosite Y\n|move|p1a: Jack and Jill|Sludge Bomb|p2a: Gyarados\n|-damage|p2a: Gyarados|67/100\n|move|p2a: Gyarados|Hidden Power|p1a: Jack and Jill\n|-supereffective|p1a: Jack and Jill\n|-damage|p1a: Jack and Jill|0 fnt\n|faint|p1a: Jack and Jill\n|-end|p1a: Jack and Jill|Quark Drive|[silent]\n|\n|upkeep\n|\n|t:|1762740045\n|switch|p1a: Ghidorha|Hydreigon, F|100/100\n|turn|10\n|\n|t:|1762740066\n|switch|p2a: Charjabug|Charjabug, F|69/100\n|move|p1a: Ghidorha|Dark Pulse|p2a: Charjabug\n|-damage|p2a: Charjabug|33/100\n|\n|upkeep\n|turn|11\n|c|☆NottaDoc|ate\n|\n|t:|1762740077\n|move|p1a: Ghidorha|Dark Pulse|p2a: Charjabug\n|-damage|p2a: Charjabug|0 fnt\n|faint|p2a: Charjabug\n|\n|upkeep\n|\n|t:|1762740083\n|switch|p2a: Ledigod|Ledigod, F|91/100 slp\n|turn|12\n|\n|t:|1762740097\n|switch|p1a: Generic Sussy|Amoonguss-Mega, M, shiny|100/100\n|-activate|p1a: Generic Sussy|move: Sticky Web\n|-unboost|p1a: Generic Sussy|spe|1\n|cant|p2a: Ledigod|slp\n|\n|-heal|p2a: Ledigod|97/100 slp|[from] item: Leftovers\n|upkeep\n|turn|13\n|\n|t:|1762740111\n|-curestatus|p2a: Ledigod|slp|[msg]\n|move|p2a: Ledigod|Victory Dance|p2a: Ledigod\n|-boost|p2a: Ledigod|atk|1\n|-boost|p2a: Ledigod|def|1\n|-boost|p2a: Ledigod|spe|1\n|move|p1a: Generic Sussy|Giga Drain|p2a: Ledigod\n|-resisted|p2a: Ledigod\n|-damage|p2a: Ledigod|82/100\n|\n|-heal|p2a: Ledigod|88/100|[from] item: Leftovers\n|upkeep\n|turn|14\n|\n|t:|1762740121\n|move|p2a: Ledigod|Acrobatics|p1a: Generic Sussy\n|-supereffective|p1a: Generic Sussy\n|-damage|p1a: Generic Sussy|68/100\n|move|p1a: Generic Sussy|Clear Smog|p2a: Ledigod\n|-damage|p2a: Ledigod|66/100\n|-clearboost|p2a: Ledigod\n|\n|-heal|p2a: Ledigod|72/100|[from] item: Leftovers\n|upkeep\n|turn|15\n|\n|t:|1762740132\n|move|p2a: Ledigod|Victory Dance|p2a: Ledigod\n|-boost|p2a: Ledigod|atk|1\n|-boost|p2a: Ledigod|def|1\n|-boost|p2a: Ledigod|spe|1\n|move|p1a: Generic Sussy|Spore|p2a: Ledigod\n|-status|p2a: Ledigod|slp|[from] move: Spore\n|\n|-heal|p2a: Ledigod|78/100 slp|[from] item: Leftovers\n|upkeep\n|turn|16\n|\n|t:|1762740138\n|cant|p2a: Ledigod|slp\n|move|p1a: Generic Sussy|Clear Smog|p2a: Ledigod\n|-damage|p2a: Ledigod|58/100 slp\n|-clearboost|p2a: Ledigod\n|\n|-heal|p2a: Ledigod|64/100 slp|[from] item: Leftovers\n|upkeep\n|turn|17\n|\n|t:|1762740152\n|-heal|p1a: Generic Sussy|88/100|[from] ability: Ejected\n|switch|p1a: William Afton|Paleogeist, M, shiny|100/100\n|-activate|p1a: William Afton|move: Sticky Web\n|-unboost|p1a: William Afton|spe|1\n|cant|p2a: Ledigod|slp\n|\n|-heal|p2a: Ledigod|70/100 slp|[from] item: Leftovers\n|upkeep\n|turn|18\n|\n|t:|1762740177\n|switch|p2a: Landorus|Landorus-Therian, M|100/100\n|-ability|p2a: Landorus|Intimidate|boost\n|-unboost|p1a: William Afton|atk|1\n|-terastallize|p1a: William Afton|Ghost\n|-ability|p1a: William Afton|Sheer Willpower\n|-message|William Afton's Phantom Force hits instantly!\n|move|p1a: William Afton|Phantom Force||[still]\n|-prepare|p1a: William Afton|Phantom Force\n|-anim|p1a: William Afton|Phantom Force|p2a: Landorus\n|-damage|p2a: Landorus|48/100\n|\n|upkeep\n|turn|19\n|\n|t:|1762740241\n|move|p2a: Landorus|Earth Power|p1a: William Afton\n|-damage|p1a: William Afton|69/100\n|-ability|p1a: William Afton|Sheer Willpower\n|-message|William Afton's Phantom Force hits instantly!\n|move|p1a: William Afton|Phantom Force||[still]\n|-prepare|p1a: William Afton|Phantom Force\n|-anim|p1a: William Afton|Phantom Force|p2a: Landorus\n|-damage|p2a: Landorus|0 fnt\n|faint|p2a: Landorus\n|\n|upkeep\n|\n|t:|1762740248\n|switch|p2a: Gyarados|Gyarados-Mega-Y, F|67/100\n|turn|20\n|\n|t:|1762740373\n|switch|p1a: Eggsman|Togekiss, M|100/100\n|move|p2a: Gyarados|Zap Cannon|p1a: Eggsman\n|-supereffective|p1a: Eggsman\n|-damage|p1a: Eggsman|30/100\n|-status|p1a: Eggsman|par\n|\n|upkeep\n|turn|21\n|\n|t:|1762740392\n|move|p2a: Gyarados|Zap Cannon|p1a: Eggsman\n|-supereffective|p1a: Eggsman\n|-damage|p1a: Eggsman|0 fnt\n|faint|p1a: Eggsman\n|\n|upkeep\n|\n|t:|1762740401\n|switch|p1a: Ghidorha|Hydreigon, F|100/100\n|turn|22\n|\n|t:|1762740410\n|move|p1a: Ghidorha|Draco Meteor|p2a: Gyarados\n|-supereffective|p2a: Gyarados\n|-damage|p2a: Gyarados|0 fnt\n|-unboost|p1a: Ghidorha|spa|2\n|faint|p2a: Gyarados\n|detailschange|p2: Gyarados|Gyarados, F|[silent]\n|\n|upkeep\n|\n|t:|1762740412\n|switch|p2a: Iron Drill|Iron Drill, M|100/100\n|-enditem|p2a: Iron Drill|Booster Energy\n|-activate|p2a: Iron Drill|ability: Quark Drive|[fromitem]\n|-start|p2a: Iron Drill|quarkdriveatk\n|turn|23\n|\n|t:|1762740435\n|switch|p1a: William Afton|Paleogeist, M, shiny, tera:Ghost|69/100\n|-activate|p1a: William Afton|move: Sticky Web\n|-unboost|p1a: William Afton|spe|1\n|move|p2a: Iron Drill|Swords Dance|p2a: Iron Drill\n|-boost|p2a: Iron Drill|atk|2\n|\n|upkeep\n|turn|24\n|\n|t:|1762740449\n|move|p2a: Iron Drill|High Horsepower|p1a: William Afton\n|-damage|p1a: William Afton|0 fnt\n|faint|p1a: William Afton\n|\n|upkeep\n|\n|t:|1762740497\n|switch|p1a: Ghidorha|Hydreigon, F|100/100\n|turn|25\n|\n|t:|1762740503\n|move|p1a: Ghidorha|Dark Pulse|p2a: Iron Drill\n|-damage|p2a: Iron Drill|36/100\n|move|p2a: Iron Drill|Play Rough|p1a: Ghidorha\n|-supereffective|p1a: Ghidorha\n|-damage|p1a: Ghidorha|0 fnt\n|faint|p1a: Ghidorha\n|\n|upkeep\n|\n|t:|1762740513\n|switch|p1a: Metal Gear|Iron Gear, M|100/100\n|-activate|p1a: Metal Gear|move: Sticky Web\n|-unboost|p1a: Metal Gear|spe|1\n|-enditem|p1a: Metal Gear|Booster Energy\n|-activate|p1a: Metal Gear|ability: Quark Drive|[fromitem]\n|-start|p1a: Metal Gear|quarkdrivespa\n|turn|26\n|\n|t:|1762740531\n|move|p2a: Iron Drill|High Horsepower|p1a: Metal Gear\n|-supereffective|p1a: Metal Gear\n|-damage|p1a: Metal Gear|0 fnt\n|faint|p1a: Metal Gear\n|-end|p1a: Metal Gear|Quark Drive|[silent]\n|\n|upkeep\n|\n|t:|1762740534\n|switch|p1a: Generic Sussy|Amoonguss-Mega, M, shiny|88/100\n|-activate|p1a: Generic Sussy|move: Sticky Web\n|-unboost|p1a: Generic Sussy|spe|1\n|turn|27\n|\n|t:|1762740538\n|move|p2a: Iron Drill|Ice Punch|p1a: Generic Sussy\n|-supereffective|p1a: Generic Sussy\n|-damage|p1a: Generic Sussy|5/100\n|move|p1a: Generic Sussy|Giga Drain|p2a: Iron Drill\n|-resisted|p2a: Iron Drill\n|-damage|p2a: Iron Drill|24/100\n|-heal|p1a: Generic Sussy|9/100|[from] drain|[of] p2a: Iron Drill\n|\n|upkeep\n|turn|28\n|\n|t:|1762740543\n|move|p2a: Iron Drill|Ice Punch|p1a: Generic Sussy\n|-supereffective|p1a: Generic Sussy\n|-damage|p1a: Generic Sussy|0 fnt\n|faint|p1a: Generic Sussy\n|detailschange|p1: Generic Sussy|Amoonguss, M, shiny|[silent]\n|\n|win|NottaDoc\n|c|☆NottaDoc|IRON DRILL DID SOMETHING FOR ONCE\n|c|☆John961|Gg\n|c|☆NottaDoc|ggs\n|l|☆John961\n|player|p1|\n","players":["John961","NottaDoc"],"format":"[Gen 9] NatDex Draft","rating":null,"private":0,"password":null,"inputlog":">version 86b94027df729f8311ea614aef867a7d6d91e655\n>start {\"formatid\":\"gen9natdexdraft@@@Tera Type Preview\",\"seed\":\"sodium,d8392c95e39851df428207941055634d\"}\n>player p1 {\"name\":\"John961\",\"avatar\":\"2\",\"team\":\"Eggsman|Togekiss|YacheBerry|SereneGrace|AirSlash,Toxic,Defog,Roost|Bold|248,,252,,8,|M|,0,,,,|||,,,,,Fairy]William Afton|Paleogeist|KasibBerry|SheerWillpower|PhantomForce,SlackOff,PartingShot,RockWrecker|Adamant|248,252,8,,,|M||S||,,,,,Ghost]Generic Sussy|Amoonguss|Vent|EffectSpore|ClearSmog,GigaDrain,Spore,Synthesis|Bold|248,,252,8,,|M|,0,,,,|S||,,,,,Grass]Jack and Jill|IronPixel|BoosterEnergy|QuarkDrive|ChargeBeam,EnergyBall,SludgeBomb,Thunderbolt|Timid|128,,,252,,128|F|,0,,,,|S||,,,,,Poison]Metal Gear|IronGear|BoosterEnergy|QuarkDrive|FlashCannon,IronDefense,Recover,CalmMind|Timid|24,,4,228,,252|M|,0,,,,|||,,,,,Psychic]Ghidorha|Hydreigon|ChoiceScarf|Levitate|DracoMeteor,DarkPulse,Uturn,ChargeBeam|Timid|24,,,252,,232|F||||,,,,,Dark\",\"rating\":0}\n>player p2 {\"name\":\"NottaDoc\",\"avatar\":\"169\",\"team\":\"Landorus|LandorusTherian|ChoiceScarf|Intimidate|EarthPower,HiddenPowerFlying,Explosion,Uturn|Timid|4,,,252,,252|M||||,Flying,,,,Ground]Gyarados||GyaradositeY|Intimidate|ZapCannon,HiddenPowerGround,Blizzard,Hurricane|Modest|252,,,252,4,|F|,0,,,,|||,Ground,,,,Water]Greninja||ExpertBelt|Protean|Extrasensory,Surf,IceBeam,Uturn|Timid|,,,252,4,252|M||||,,,,,Water]Ledigod||Leftovers|IronFist|Acrobatics,DrainPunch,Roost,VictoryDance|Adamant|252,252,,,,4|F||||,,,,,Ground]Charjabug||Eviolite|Battery|StickyWeb,Toxic,Lunge,VoltSwitch|Impish|252,4,252,,,|F||||,,,,,Bug]Iron Drill||BoosterEnergy|QuarkDrive|HighHorsepower,PlayRough,IcePunch,SwordsDance|Adamant|4,252,,,,252|M||||,,,,,Grass\",\"rating\":0}\n>chat ☆NottaDoc|glhf\n>chat ☆John961|Glhf\n>p1 team 6, 2, 3, 4, 5, 1\n>p2 team 2, 1, 3, 4, 5, 6\n>chat  the_Shawdoin|Watching matches live gives me the thrill of a gambler with pickems\n>chat  the_Shawdoin|I don't enjoy sports so this probs the closest I'll be lol\n>p1 move dracometeor\n>p2 switch 3\n>chat ☆NottaDoc|ouch\n>p1 move dracometeor\n>p2 move uturn\n>p2 switch 4\n>p1 switch 3\n>p2 move victorydance\n>chat ~SparksTheNeo|charjabug\n>p1 move clearsmog mega\n>p2 move victorydance\n>chat ~SparksTheNeo|owned\n>p1 move spore\n>p2 move victorydance\n>p1 move clearsmog\n>p2 switch 5\n>chat ~SparksTheNeo|early bird ledigod if real\n>chat ☆NottaDoc|coaching\n>chat ☆NottaDoc|ban that guy\n>chat ~SparksTheNeo|on it\n>p1 switch 4\n>p2 move stickyweb\n>chat ~SparksTheNeo|charjabug wins this 1v1\n>p1 move chargebeam\n>p2 move voltswitch\n>chat ☆NottaDoc|hes really like that\n>p2 switch 3\n>p1 move sludgebomb\n>p2 move hiddenpower mega\n>p1 switch 3\n>p1 move darkpulse\n>p2 switch 3\n>chat ☆NottaDoc|ate\n>p1 move darkpulse\n>p2 move lunge\n>p2 switch 5\n>p1 switch 4\n>p2 move victorydance\n>p1 move gigadrain\n>p2 move victorydance\n>p1 move clearsmog\n>p2 move acrobatics\n>p1 move spore\n>p2 move victorydance\n>p1 move clearsmog\n>p2 move acrobatics\n>p1 switch 2\n>p2 move acrobatics\n>p1 move phantomforce terastallize\n>p2 switch 2\n>p1 move phantomforce\n>p2 move earthpower\n>p2 switch 3\n>p1 switch 6\n>p2 move zapcannon\n>p1 move defog\n>p2 move zapcannon\n>p1 switch 4\n>p1 move dracometeor\n>p2 move blizzard\n>p2 switch 6\n>p1 switch 6\n>p2 move swordsdance\n>p1 move partingshot\n>p2 move highhorsepower\n>p1 switch 6\n>p1 move darkpulse\n>p2 move playrough\n>p1 switch 5\n>p1 move irondefense\n>p2 move highhorsepower\n>p1 switch 2\n>p1 move gigadrain\n>p2 move icepunch\n>p1 move gigadrain\n>p2 move icepunch","uploadtime":1762740561}