{"id":"gen9natdexdraft-162","log":"|j|☆chub hub\n|j|☆DogeTheNoob\n|t:|1761699001\n|gametype|singles\n|player|p1|chub hub|169|\n|player|p2|DogeTheNoob|102|\n|gen|9\n|tier|[Gen 9] NatDex Draft\n|rule|Tera Type Preview: Tera Types are shown at Team Preview\n|rule|Sleep Clause Mod: Limit one foe put to sleep\n|rule|OHKO Clause: OHKO moves are banned\n|rule|Evasion Clause: Evasion abilities, items, and moves are banned\n|rule|Evasion Abilities Clause: Evasion abilities are banned\n|rule|Evasion Items Clause: Evasion items are banned\n|rule|Evasion Moves Clause: Evasion moves are banned\n|rule|Endless Battle Clause: Forcing endless battles is banned\n|rule|HP Percentage Mod: HP is shown in percentages\n|raw|<div class=\"infobox\"><details class=\"readmore\" open><summary><strong>1 custom rule:</strong></summary> Tera Type Preview</details></div>\n|clearpoke\n|poke|p1|Drifblim-Hell, M|\n|poke|p1|Crossblue, F|\n|poke|p1|Iron Saw, F|\n|poke|p1|Mamoswine, F|\n|poke|p1|Iron Boulder|\n|poke|p1|Scream Tail|\n|poke|p2|Abyluxneon, F|\n|poke|p2|Torkoal, M|\n|poke|p2|Sandy Shocks|\n|poke|p2|Razor Spine, M|\n|poke|p2|Terapagos, M|\n|poke|p2|Slither Wing|\n|raw|chub hub's Tera Types:<br /><psicon pokemon=\"drifblimhell\" /><psicon type=\"Water\" /> / <psicon pokemon=\"crossblue\" /><psicon type=\"Bug\" /> / <psicon pokemon=\"ironsaw\" /><psicon type=\"Electric\" /> / <psicon pokemon=\"mamoswine\" /><psicon type=\"Ice\" /> / <psicon pokemon=\"ironboulder\" /><psicon type=\"Ground\" /> / <psicon pokemon=\"screamtail\" /><psicon type=\"Fairy\" />\n|raw|DogeTheNoob's Tera Types:<br /><psicon pokemon=\"abyluxneon\" /><psicon type=\"Ground\" /> / <psicon pokemon=\"torkoal\" /><psicon type=\"Fire\" /> / <psicon pokemon=\"sandyshocks\" /><psicon type=\"Electric\" /> / <psicon pokemon=\"razorspine\" /><psicon type=\"Steel\" /> / <psicon pokemon=\"terapagos\" /><psicon type=\"Stellar\" /> / <psicon pokemon=\"slitherwing\" /><psicon type=\"Ground\" />\n|teampreview\n|c|☆DogeTheNoob|gl gl\n|c|☆chub hub|hf family\n|j|~SparksTheNeo\n|\n|t:|1761699056\n|teamsize|p1|6\n|teamsize|p2|6\n|start\n|switch|p1a: Mamoswine|Mamoswine, F, shiny|100/100\n|switch|p2a: Torkoal|Torkoal, M|100/100\n|-weather|SunnyDay|[from] ability: Drought|[of] p2a: Torkoal\n|turn|1\n|\n|t:|1761699086\n|switch|p2a: Slither Wing|Slither Wing|100/100\n|-activate|p2a: Slither Wing|ability: Protosynthesis\n|-start|p2a: Slither Wing|protosynthesisatk\n|move|p1a: Mamoswine|Earthquake|p2a: Slither Wing\n|-resisted|p2a: Slither Wing\n|-damage|p2a: Slither Wing|78/100\n|\n|-weather|SunnyDay|[upkeep]\n|upkeep\n|turn|2\n|\n|t:|1761699134\n|switch|p1a: Crossblue|Crossblue, F, shiny|100/100\n|move|p2a: Slither Wing|U-turn|p1a: Crossblue\n|-resisted|p1a: Crossblue\n|-damage|p1a: Crossblue|72/100\n|\n|t:|1761699156\n|-end|p2a: Slither Wing|Protosynthesis|[silent]\n|switch|p2a: Razor Spine|Razor Spine, M|100/100|[from] U-turn\n|-activate|p2a: Razor Spine|ability: Protosynthesis\n|-start|p2a: Razor Spine|protosynthesisspe\n|\n|-weather|SunnyDay|[upkeep]\n|upkeep\n|turn|3\n|\n|t:|1761699183\n|move|p2a: Razor Spine|Meteor Mash|p1a: Crossblue\n|-damage|p1a: Crossblue|0 fnt\n|faint|p1a: Crossblue\n|-damage|p2a: Razor Spine|91/100|[from] item: Life Orb\n|\n|-weather|SunnyDay|[upkeep]\n|upkeep\n|\n|t:|1761699213\n|switch|p1a: Drifblim-Hell|Drifblim-Hell, M|100/100\n|turn|4\n|\n|t:|1761699237\n|-end|p2a: Razor Spine|Protosynthesis|[silent]\n|switch|p2a: Terapagos|Terapagos, M|100/100\n|-activate|p2a: Terapagos|ability: Tera Shift\n|detailschange|p2a: Terapagos|Terapagos-Terastal, M\n|-heal|p2a: Terapagos|100/100|[silent]\n|detailschange|p1a: Drifblim-Hell|Drifblim-Hell-Mega, M\n|-mega|p1a: Drifblim-Hell|Drifblim-Hell|Drifblimite Hell\n|move|p1a: Drifblim-Hell|Strength Sap|p2a: Terapagos\n|-unboost|p2a: Terapagos|atk|1\n|\n|-weather|SunnyDay|[upkeep]\n|upkeep\n|turn|5\n|\n|t:|1761699257\n|move|p2a: Terapagos|Calm Mind|p2a: Terapagos\n|-boost|p2a: Terapagos|spa|1\n|-boost|p2a: Terapagos|spd|1\n|move|p1a: Drifblim-Hell|Sludge Bomb|p2a: Terapagos\n|-activate|p2a: Terapagos|ability: Tera Shell\n|-resisted|p2a: Terapagos\n|-damage|p2a: Terapagos|88/100\n|-status|p2a: Terapagos|psn\n|\n|-weather|SunnyDay|[upkeep]\n|-damage|p2a: Terapagos|75/100 psn|[from] psn\n|upkeep\n|turn|6\n|\n|t:|1761699270\n|move|p2a: Terapagos|Calm Mind|p2a: Terapagos\n|-boost|p2a: Terapagos|spa|1\n|-boost|p2a: Terapagos|spd|1\n|move|p1a: Drifblim-Hell|Sludge Bomb|p2a: Terapagos\n|-damage|p2a: Terapagos|55/100 psn\n|\n|-weather|SunnyDay|[upkeep]\n|-damage|p2a: Terapagos|42/100 psn|[from] psn\n|upkeep\n|turn|7\n|\n|t:|1761699287\n|move|p2a: Terapagos|Rapid Spin|p1a: Drifblim-Hell\n|-damage|p1a: Drifblim-Hell|92/100\n|-boost|p2a: Terapagos|spe|1\n|move|p1a: Drifblim-Hell|Sludge Bomb|p2a: Terapagos\n|-damage|p2a: Terapagos|22/100 psn\n|\n|-weather|SunnyDay|[upkeep]\n|-damage|p2a: Terapagos|10/100 psn|[from] psn\n|upkeep\n|turn|8\n|\n|t:|1761699291\n|move|p2a: Terapagos|Rest|p2a: Terapagos\n|-status|p2a: Terapagos|slp|[from] move: Rest\n|-heal|p2a: Terapagos|100/100 slp|[silent]\n|-enditem|p2a: Terapagos|Chesto Berry|[eat]\n|-curestatus|p2a: Terapagos|slp|[msg]\n|move|p1a: Drifblim-Hell|Strength Sap|p2a: Terapagos\n|-unboost|p2a: Terapagos|atk|1\n|-heal|p1a: Drifblim-Hell|100/100\n|\n|-weather|none\n|upkeep\n|turn|9\n|c|~SparksTheNeo|pagogo time\n|\n|t:|1761699326\n|move|p2a: Terapagos|Tera Starstorm|p1a: Drifblim-Hell\n|-damage|p1a: Drifblim-Hell|26/100\n|move|p1a: Drifblim-Hell|Sludge Bomb|p2a: Terapagos\n|-activate|p2a: Terapagos|ability: Tera Shell\n|-resisted|p2a: Terapagos\n|-damage|p2a: Terapagos|91/100\n|\n|upkeep\n|turn|10\n|\n|t:|1761699342\n|move|p2a: Terapagos|Rapid Spin|p1a: Drifblim-Hell\n|-damage|p1a: Drifblim-Hell|20/100\n|-boost|p2a: Terapagos|spe|1\n|move|p1a: Drifblim-Hell|Sludge Bomb|p2a: Terapagos\n|-damage|p2a: Terapagos|72/100\n|\n|upkeep\n|turn|11\n|\n|t:|1761699353\n|move|p2a: Terapagos|Tera Starstorm|p1a: Drifblim-Hell\n|-damage|p1a: Drifblim-Hell|0 fnt\n|faint|p1a: Drifblim-Hell\n|detailschange|p1: Drifblim-Hell|Drifblim-Hell, M|[silent]\n|\n|upkeep\n|\n|t:|1761699355\n|switch|p1a: Scream Tail|Scream Tail, shiny|100/100\n|turn|12\n|\n|t:|1761699358\n|move|p2a: Terapagos|Tera Starstorm|p1a: Scream Tail\n|-damage|p1a: Scream Tail|23/100\n|move|p1a: Scream Tail|Thunder Wave|p2a: Terapagos\n|-status|p2a: Terapagos|par\n|\n|-heal|p1a: Scream Tail|29/100|[from] item: Leftovers\n|upkeep\n|turn|13\n|\n|t:|1761699364\n|move|p1a: Scream Tail|Stealth Rock|p2a: Terapagos\n|-sidestart|p2: DogeTheNoob|move: Stealth Rock\n|move|p2a: Terapagos|Tera Starstorm|p1a: Scream Tail\n|-damage|p1a: Scream Tail|0 fnt\n|faint|p1a: Scream Tail\n|-end|p1a: Scream Tail|Protosynthesis|[silent]\n|\n|upkeep\n|\n|t:|1761699383\n|switch|p1a: Iron Boulder|Iron Boulder|100/100\n|-enditem|p1a: Iron Boulder|Booster Energy\n|-activate|p1a: Iron Boulder|ability: Quark Drive|[fromitem]\n|-start|p1a: Iron Boulder|quarkdrivespe\n|turn|14\n|\n|t:|1761699421\n|switch|p2a: Slither Wing|Slither Wing|78/100\n|move|p1a: Iron Boulder|Swords Dance|p1a: Iron Boulder\n|-boost|p1a: Iron Boulder|atk|2\n|\n|upkeep\n|turn|15\n|\n|t:|1761699433\n|-terastallize|p1a: Iron Boulder|Ground\n|-terastallize|p2a: Slither Wing|Ground\n|move|p1a: Iron Boulder|Zen Headbutt|p2a: Slither Wing\n|-crit|p2a: Slither Wing\n|-damage|p2a: Slither Wing|0 fnt\n|faint|p2a: Slither Wing\n|-end|p2a: Slither Wing|Protosynthesis|[silent]\n|\n|upkeep\n|\n|t:|1761699454\n|switch|p2a: Abyluxneon|Abyluxneon, F|100/100\n|-damage|p2a: Abyluxneon|88/100|[from] Stealth Rock\n|turn|16\n|\n|t:|1761699460\n|move|p1a: Iron Boulder|Earthquake|p2a: Abyluxneon\n|-damage|p2a: Abyluxneon|16/100\n|move|p2a: Abyluxneon|Scald|p1a: Iron Boulder\n|-supereffective|p1a: Iron Boulder\n|-damage|p1a: Iron Boulder|51/100\n|\n|upkeep\n|turn|17\n|\n|t:|1761699470\n|switch|p2a: Torkoal|Torkoal, M|100/100\n|-damage|p2a: Torkoal|76/100|[from] Stealth Rock\n|-weather|SunnyDay|[from] ability: Drought|[of] p2a: Torkoal\n|move|p1a: Iron Boulder|Earthquake|p2a: Torkoal\n|-supereffective|p2a: Torkoal\n|-damage|p2a: Torkoal|0 fnt\n|faint|p2a: Torkoal\n|\n|-weather|SunnyDay|[upkeep]\n|upkeep\n|c|~SparksTheNeo|rough\n|\n|t:|1761699477\n|switch|p2a: Razor Spine|Razor Spine, M|91/100\n|-damage|p2a: Razor Spine|85/100|[from] Stealth Rock\n|-activate|p2a: Razor Spine|ability: Protosynthesis\n|-start|p2a: Razor Spine|protosynthesisspe\n|turn|18\n|\n|t:|1761699497\n|move|p2a: Razor Spine|Close Combat|p1a: Iron Boulder\n|-damage|p1a: Iron Boulder|0 fnt\n|-unboost|p2a: Razor Spine|def|1\n|-unboost|p2a: Razor Spine|spd|1\n|faint|p1a: Iron Boulder\n|-end|p1a: Iron Boulder|Quark Drive|[silent]\n|-damage|p2a: Razor Spine|75/100|[from] item: Life Orb\n|\n|-weather|SunnyDay|[upkeep]\n|upkeep\n|\n|t:|1761699540\n|switch|p1a: Iron Saw|Iron Saw, F, shiny|100/100\n|turn|19\n|\n|t:|1761699550\n|move|p2a: Razor Spine|Earthquake|p1a: Iron Saw\n|-supereffective|p1a: Iron Saw\n|-damage|p1a: Iron Saw|0 fnt\n|faint|p1a: Iron Saw\n|-end|p1a: Iron Saw|Quark Drive|[silent]\n|-damage|p2a: Razor Spine|65/100|[from] item: Life Orb\n|\n|-weather|SunnyDay|[upkeep]\n|upkeep\n|\n|t:|1761699558\n|switch|p1a: Mamoswine|Mamoswine, F, shiny|100/100\n|turn|20\n|\n|t:|1761699570\n|move|p2a: Razor Spine|Meteor Mash|p1a: Mamoswine\n|-supereffective|p1a: Mamoswine\n|-damage|p1a: Mamoswine|0 fnt\n|faint|p1a: Mamoswine\n|-damage|p2a: Razor Spine|55/100|[from] item: Life Orb\n|\n|win|DogeTheNoob\n|c|☆DogeTheNoob|ggs\n|c|☆chub hub|gg\n|l|☆chub hub\n|player|p1|\n","players":["chub hub","DogeTheNoob"],"format":"[Gen 9] NatDex Draft","rating":null,"private":0,"password":null,"inputlog":">version c46cc36e35404dc9bff0aa60d7edc2c323c305c2\n>start {\"formatid\":\"gen9natdexdraft@@@Tera Type Preview\",\"seed\":\"sodium,94640efea02d5f3fbb4dd2df02d683e2\"}\n>player p1 {\"name\":\"chub hub\",\"avatar\":\"169\",\"team\":\"Drifblim-Hell||DrifblimiteHell|WaterAbsorb|RainDance,Surf,SludgeBomb,StrengthSap|Calm|,,4,252,252,|M|,0,,,,|||,,,,,Water]Crossblue||ChoiceScarf|Moxie|Uturn,KnockOff,Earthquake,CloseCombat|Jolly|40,252,16,,16,184|F||S||,,,,,Bug]Iron Saw||HeavyDutyBoots|QuarkDrive|RapidSpin,Thunder,NaturesMadness,RainDance|Timid|248,,24,52,32,152|F||S||,,,,,Electric]Mamoswine||ChoiceScarf|ThickFat|Earthquake,KnockOff,IcicleCrash,StealthRock|Adamant|,252,16,,,240|F||S||,,,,,Ice]Iron Boulder||BoosterEnergy|QuarkDrive|MightyCleave,Earthquake,SwordsDance,ZenHeadbutt|Jolly|64,252,16,,32,144|N||||,Fighting,,,,Ground]Scream Tail||Leftovers|Protosynthesis|RainDance,ThunderWave,DazzlingGleam,StealthRock|Bold|248,,252,8,,|N|,0,,,,|S||,,,,,Fairy\",\"rating\":0}\n>player p2 {\"name\":\"DogeTheNoob\",\"avatar\":\"102\",\"team\":\"Abyluxneon||RockyHelmet|StormDrain|FlipTurn,AlluringVoice,Scald,Moonlight|Bold|248,,252,8,,|F||||,,,,,Ground]Torkoal||HeatRock|Drought|StealthRock,RapidSpin,LavaPlume,EarthPower|Bold|248,,252,8,,|M||||,,,,,Fire]Sandy Shocks||ChoiceScarf|Protosynthesis|EarthPower,VoltSwitch,FlashCannon,Thunderbolt|Timid|,,,252,4,252|N|,0,,,,|||,,,,,Electric]Razor Spine||LifeOrb|Protosynthesis|ShadowClaw,MeteorMash,CloseCombat,Earthquake|Jolly|,252,,,4,252|M||||,,,,,Steel]Terapagos||ChestoBerry|TeraShift|CalmMind,Rest,TeraStarstorm,RapidSpin|Modest|252,,92,164,,|M||||,Dark,,,,Stellar]Slither Wing||HeavyDutyBoots|Protosynthesis|Earthquake,MorningSun,Uturn,CloseCombat|Impish|248,92,164,,4,|N||||,,,,,Ground\",\"rating\":0}\n>chat ☆DogeTheNoob|gl gl\n>chat ☆chub hub|hf family\n>p1 team 4, 2, 3, 1, 5, 6\n>p2 team 2, 1, 3, 4, 5, 6\n>p1 move earthquake\n>p2 switch 6\n>p1 switch 2\n>p2 move uturn\n>p2 switch 4\n>p1 move knockoff\n>p2 move meteormash\n>p1 switch 4\n>p1 move strengthsap mega\n>p2 switch 5\n>p1 move sludgebomb\n>p2 move calmmind\n>p1 move sludgebomb\n>p2 move calmmind\n>p1 move sludgebomb\n>p2 move rapidspin\n>p1 move strengthsap\n>p2 move rest\n>chat ~SparksTheNeo|pagogo time\n>p1 move sludgebomb\n>p2 move terastarstorm\n>p1 move sludgebomb\n>p2 move rapidspin\n>p1 move sludgebomb\n>p2 move terastarstorm\n>p1 switch 6\n>p1 move thunderwave\n>p2 move terastarstorm\n>p1 move stealthrock\n>p2 move terastarstorm\n>p1 switch 5\n>p1 move swordsdance\n>p2 switch 4\n>p1 move zenheadbutt terastallize\n>p2 move earthquake terastallize\n>p2 switch 2\n>p1 move earthquake\n>p2 move scald\n>p1 move earthquake\n>p2 switch 6\n>chat ~SparksTheNeo|rough\n>p2 switch 5\n>p1 move earthquake\n>p2 move closecombat\n>p1 switch 3\n>p1 move raindance\n>p2 move earthquake\n>p1 switch 2\n>p1 move earthquake\n>p2 move meteormash","uploadtime":1761699588}