{"id":"gen9natdexdraft-485","log":"|j|☆r6_private_ryan\n|j|☆DogeTheNoob\n|t:|1763735713\n|gametype|singles\n|player|p1|r6_private_ryan|102|\n|player|p2|DogeTheNoob|102|\n|gen|9\n|tier|[Gen 9] NatDex Draft\n|rule|Sleep Clause Mod: Limit one foe put to sleep\n|rule|OHKO Clause: OHKO moves are banned\n|rule|Evasion Clause: Evasion abilities, items, and moves are banned\n|rule|Evasion Abilities Clause: Evasion abilities are banned\n|rule|Evasion Items Clause: Evasion items are banned\n|rule|Evasion Moves Clause: Evasion moves are banned\n|rule|Endless Battle Clause: Forcing endless battles is banned\n|rule|HP Percentage Mod: HP is shown in percentages\n|clearpoke\n|poke|p1|Clashing Teeth, M|\n|poke|p1|Altaria-Hell, F|\n|poke|p1|Meowscarada, F|\n|poke|p1|Dashing Hammer, M|\n|poke|p1|Gligar, M|\n|poke|p1|Quaquaval, M|\n|poke|p2|Gouging Fire|\n|poke|p2|Torkoal, M|\n|poke|p2|Slither Wing|\n|poke|p2|Razor Spine, F|\n|poke|p2|Queendra-Dark, F|\n|poke|p2|Mandibuzz, F|\n|teampreview\n|c|☆r6_private_ryan|Can U post live link please \n|c|☆r6_private_ryan|Glhf\n|c|☆DogeTheNoob|gl gl\n|\n|t:|1763735788\n|teamsize|p1|6\n|teamsize|p2|6\n|start\n|switch|p1a: Quaquaval|Quaquaval, M, shiny|100/100\n|switch|p2a: Torkoal|Torkoal, M|100/100\n|-weather|SunnyDay|[from] ability: Drought|[of] p2a: Torkoal\n|turn|1\n|c|☆DogeTheNoob|oh is it tera preview\n|\n|t:|1763735810\n|switch|p2a: Slither Wing|Slither Wing|100/100\n|-activate|p2a: Slither Wing|ability: Protosynthesis\n|-start|p2a: Slither Wing|protosynthesisatk\n|move|p1a: Quaquaval|Flip Turn|p2a: Slither Wing\n|-damage|p2a: Slither Wing|79/100\n|-damage|p1a: Quaquaval|84/100|[from] item: Rocky Helmet|[of] p2a: Slither Wing\n|c|☆DogeTheNoob|i’m water on slither wing\n|\n|t:|1763735829\n|switch|p1a: Gligar|Gligar, M, shiny|100/100|[from] Flip Turn\n|\n|-weather|SunnyDay|[upkeep]\n|upkeep\n|turn|2\n|j| the_Shawdoin\n|c|☆r6_private_ryan|No sorry I forgot to \n|c|☆DogeTheNoob|what tera is hammer?\n|c|☆r6_private_ryan|Yeah\n|\n|t:|1763735876\n|-end|p2a: Slither Wing|Protosynthesis|[silent]\n|switch|p2a: Queendra-Dark|Queendra-Dark, F|100/100\n|move|p1a: Gligar|Knock Off|p2a: Queendra-Dark\n|-damage|p2a: Queendra-Dark|81/100\n|\n|-weather|SunnyDay|[upkeep]\n|upkeep\n|turn|3\n|c|☆r6_private_ryan|Is fairy \n|\n|t:|1763735895\n|detailschange|p2a: Queendra-Dark|Queendra-Dark-Mega, F\n|-mega|p2a: Queendra-Dark|Queendra-Dark|Queendrite Dark\n|move|p2a: Queendra-Dark|Freeze-Dry|p1a: Gligar\n|-supereffective|p1a: Gligar\n|-damage|p1a: Gligar|0 fnt\n|faint|p1a: Gligar\n|\n|-weather|SunnyDay|[upkeep]\n|upkeep\n|\n|t:|1763735921\n|switch|p1a: Dashing Hammer|Dashing Hammer, M, shiny|100/100\n|-activate|p1a: Dashing Hammer|ability: Protosynthesis\n|-start|p1a: Dashing Hammer|protosynthesisatk\n|turn|4\n|\n|t:|1763735947\n|switch|p2a: Slither Wing|Slither Wing|79/100\n|-activate|p2a: Slither Wing|ability: Protosynthesis\n|-start|p2a: Slither Wing|protosynthesisatk\n|move|p1a: Dashing Hammer|Earthquake|p2a: Slither Wing\n|-resisted|p2a: Slither Wing\n|-damage|p2a: Slither Wing|57/100\n|\n|-weather|SunnyDay|[upkeep]\n|upkeep\n|turn|5\n|\n|t:|1763735989\n|-terastallize|p1a: Dashing Hammer|Fairy\n|-terastallize|p2a: Slither Wing|Water\n|move|p1a: Dashing Hammer|Tera Blast|p2a: Slither Wing|[anim] Tera Blast Fairy\n|-damage|p2a: Slither Wing|3/100\n|move|p2a: Slither Wing|Will-O-Wisp|p1a: Dashing Hammer\n|-status|p1a: Dashing Hammer|brn\n|\n|-weather|SunnyDay|[upkeep]\n|-damage|p1a: Dashing Hammer|95/100 brn|[from] brn\n|upkeep\n|turn|6\n|\n|t:|1763736004\n|move|p1a: Dashing Hammer|Tera Blast|p2a: Slither Wing|[anim] Tera Blast Fairy\n|-damage|p2a: Slither Wing|0 fnt\n|faint|p2a: Slither Wing\n|-end|p2a: Slither Wing|Protosynthesis|[silent]\n|\n|-weather|SunnyDay|[upkeep]\n|-damage|p1a: Dashing Hammer|89/100 brn|[from] brn\n|upkeep\n|\n|t:|1763736008\n|switch|p2a: Queendra-Dark|Queendra-Dark-Mega, F|81/100\n|turn|7\n|\n|t:|1763736030\n|move|p2a: Queendra-Dark|Sludge Wave|p1a: Dashing Hammer\n|-supereffective|p1a: Dashing Hammer\n|-damage|p1a: Dashing Hammer|0 fnt\n|faint|p1a: Dashing Hammer\n|-end|p1a: Dashing Hammer|Protosynthesis|[silent]\n|\n|-weather|SunnyDay|[upkeep]\n|upkeep\n|\n|t:|1763736040\n|switch|p1a: Clashing Teeth|Clashing Teeth, M, shiny|100/100\n|-activate|p1a: Clashing Teeth|ability: Protosynthesis\n|-start|p1a: Clashing Teeth|protosynthesisatk\n|turn|8\n|\n|t:|1763736067\n|switch|p2a: Mandibuzz|Mandibuzz, F|100/100\n|move|p1a: Clashing Teeth|Earthquake|p2a: Mandibuzz\n|-immune|p2a: Mandibuzz\n|\n|-weather|none\n|-end|p1a: Clashing Teeth|Protosynthesis\n|upkeep\n|-enditem|p1a: Clashing Teeth|Booster Energy\n|-activate|p1a: Clashing Teeth|ability: Protosynthesis|[fromitem]\n|-start|p1a: Clashing Teeth|protosynthesisatk\n|turn|9\n|\n|t:|1763736079\n|move|p1a: Clashing Teeth|Flip Turn|p2a: Mandibuzz\n|-damage|p2a: Mandibuzz|82/100\n|\n|t:|1763736088\n|-end|p1a: Clashing Teeth|Protosynthesis|[silent]\n|switch|p1a: Altaria-Hell|Altaria-Hell, F, shiny|100/100|[from] Flip Turn\n|move|p2a: Mandibuzz|Foul Play|p1a: Altaria-Hell\n|-damage|p1a: Altaria-Hell|64/100\n|\n|upkeep\n|turn|10\n|\n|t:|1763736102\n|switch|p2a: Torkoal|Torkoal, M|100/100\n|-weather|SunnyDay|[from] ability: Drought|[of] p2a: Torkoal\n|detailschange|p1a: Altaria-Hell|Altaria-Hell-Mega, F, shiny\n|-mega|p1a: Altaria-Hell|Altaria-Hell|Altarite HELL\n|move|p1a: Altaria-Hell|Moonblast|p2a: Torkoal\n|-resisted|p2a: Torkoal\n|-damage|p2a: Torkoal|68/100\n|-unboost|p2a: Torkoal|spa|1\n|\n|-weather|SunnyDay|[upkeep]\n|upkeep\n|turn|11\n|\n|t:|1763736137\n|switch|p1a: Meowscarada|Meowscarada, F, shiny|100/100\n|switch|p2a: Gouging Fire|Gouging Fire|100/100\n|-activate|p2a: Gouging Fire|ability: Protosynthesis\n|-start|p2a: Gouging Fire|protosynthesisatk\n|\n|-weather|SunnyDay|[upkeep]\n|upkeep\n|turn|12\n|\n|t:|1763736150\n|move|p1a: Meowscarada|Power Gem|p2a: Gouging Fire\n|-start|p1a: Meowscarada|typechange|Rock|[from] ability: Protean\n|-supereffective|p2a: Gouging Fire\n|-damage|p2a: Gouging Fire|52/100\n|move|p2a: Gouging Fire|Dragon Dance|p2a: Gouging Fire\n|-boost|p2a: Gouging Fire|atk|1\n|-boost|p2a: Gouging Fire|spe|1\n|\n|-weather|SunnyDay|[upkeep]\n|-heal|p2a: Gouging Fire|58/100|[from] item: Leftovers\n|upkeep\n|turn|13\n|\n|t:|1763736178\n|move|p1a: Meowscarada|Power Gem|p2a: Gouging Fire\n|-supereffective|p2a: Gouging Fire\n|-damage|p2a: Gouging Fire|12/100\n|move|p2a: Gouging Fire|Dragon Dance|p2a: Gouging Fire\n|-boost|p2a: Gouging Fire|atk|1\n|-boost|p2a: Gouging Fire|spe|1\n|\n|-weather|SunnyDay|[upkeep]\n|-heal|p2a: Gouging Fire|18/100|[from] item: Leftovers\n|upkeep\n|turn|14\n|\n|t:|1763736197\n|switch|p1a: Quaquaval|Quaquaval, M, shiny|84/100\n|move|p2a: Gouging Fire|Morning Sun|p2a: Gouging Fire\n|-heal|p2a: Gouging Fire|85/100\n|\n|-weather|SunnyDay|[upkeep]\n|-heal|p2a: Gouging Fire|91/100|[from] item: Leftovers\n|upkeep\n|turn|15\n|\n|t:|1763736225\n|move|p2a: Gouging Fire|Earthquake|p1a: Quaquaval\n|-damage|p1a: Quaquaval|0 fnt\n|faint|p1a: Quaquaval\n|\n|-weather|SunnyDay|[upkeep]\n|-heal|p2a: Gouging Fire|97/100|[from] item: Leftovers\n|upkeep\n|\n|t:|1763736244\n|switch|p1a: Meowscarada|Meowscarada, F, shiny|100/100\n|turn|16\n|\n|t:|1763736249\n|move|p1a: Meowscarada|Sucker Punch|p2a: Gouging Fire\n|-start|p1a: Meowscarada|typechange|Dark|[from] ability: Protean\n|-damage|p2a: Gouging Fire|73/100\n|move|p2a: Gouging Fire|Heat Crash|p1a: Meowscarada\n|-damage|p1a: Meowscarada|0 fnt\n|faint|p1a: Meowscarada\n|\n|-weather|SunnyDay|[upkeep]\n|-heal|p2a: Gouging Fire|79/100|[from] item: Leftovers\n|upkeep\n|\n|t:|1763736267\n|switch|p1a: Clashing Teeth|Clashing Teeth, M, shiny|100/100\n|-activate|p1a: Clashing Teeth|ability: Protosynthesis\n|-start|p1a: Clashing Teeth|protosynthesisatk\n|turn|17\n|\n|t:|1763736282\n|move|p1a: Clashing Teeth|Accelerock|p2a: Gouging Fire\n|-supereffective|p2a: Gouging Fire\n|-damage|p2a: Gouging Fire|50/100\n|move|p2a: Gouging Fire|Heat Crash|p1a: Clashing Teeth\n|-resisted|p1a: Clashing Teeth\n|-damage|p1a: Clashing Teeth|0 fnt\n|faint|p1a: Clashing Teeth\n|-end|p1a: Clashing Teeth|Protosynthesis|[silent]\n|\n|-weather|none\n|-end|p2a: Gouging Fire|Protosynthesis\n|-heal|p2a: Gouging Fire|56/100|[from] item: Leftovers\n|upkeep\n|\n|t:|1763736288\n|switch|p1a: Altaria-Hell|Altaria-Hell-Mega, F, shiny|64/100\n|turn|18\n|c|☆r6_private_ryan|Gg\n|c|☆DogeTheNoob|ggs\n|c|☆r6_private_ryan|Wp\n|l| the_Shawdoin\n|\n|t:|1763736305\n|move|p2a: Gouging Fire|Earthquake|p1a: Altaria-Hell\n|-supereffective|p1a: Altaria-Hell\n|-damage|p1a: Altaria-Hell|0 fnt\n|faint|p1a: Altaria-Hell\n|detailschange|p1: Altaria-Hell|Altaria-Hell, F, shiny|[silent]\n|\n|win|DogeTheNoob\n","players":["r6_private_ryan","DogeTheNoob"],"format":"[Gen 9] NatDex Draft","rating":null,"private":0,"password":null,"inputlog":">version fcbd19b897670a6ca2d6afcd55efaaf2b6c6cc9b\n>start {\"formatid\":\"gen9natdexdraft\",\"seed\":\"sodium,a511e4162df88a85dc5efd4871e78cc5\"}\n>player p1 {\"name\":\"r6_private_ryan\",\"avatar\":\"102\",\"team\":\"Clashing Teeth||BoosterEnergy|Protosynthesis|FlipTurn,Accelerock,Earthquake,DragonClaw|Jolly|,252,,,4,252|M||S||,,,,,Ground]Altaria-Hell||AltariteHELL|NaturalCure|FieryDance,DragonPulse,Moonblast,Earthquake|Naive|,4,,252,,252|F||S||,,,,,Fire]Meowscarada||ChoiceScarf|Protean|Uturn,FlowerTrick,SuckerPunch,PowerGem|Hasty|,252,,4,,252|F||S||,,,,,Grass]Dashing Hammer||BoosterEnergy|Protosynthesis|SwordsDance,CloseCombat,Earthquake,TeraBlast|Naive|,252,,4,,252|M||S||,,,,,Fairy]Gligar||Eviolite|HyperCutter|Earthquake,KnockOff,Uturn,StealthRock|Jolly|,252,,,4,252|M||S||,,,,,Ground]Quaquaval||ChoiceBand|Moxie|AquaStep,CloseCombat,FlipTurn,TripleAxel|Jolly|,252,,,4,252|M||S||,,,,,Water\",\"rating\":0}\n>player p2 {\"name\":\"DogeTheNoob\",\"avatar\":\"102\",\"team\":\"Gouging Fire||Leftovers|Protosynthesis|Earthquake,HeatCrash,DragonDance,MorningSun|Adamant|136,232,,,,140|N||||,Fighting,,,,Fire]Torkoal||HeatRock|Drought|StealthRock,RapidSpin,LavaPlume,EarthPower|Bold|248,,252,8,,|M||||,,,,,Fire]Slither Wing||RockyHelmet|Protosynthesis|WillOWisp,Uturn,Earthquake,MorningSun|Adamant|252,104,152,,,|N||||,,,,,Water]Razor Spine||ChoiceBand|Protosynthesis|CloseCombat,ShadowClaw,IceFang,Earthquake|Jolly|,252,,,4,252|F||||,,,,,Steel]Queendra-Dark||QueendriteDark|SlushRush|FreezeDry,SludgeWave,FlipTurn,WeatherBall|Timid|,,,252,4,252|F||||,,,,,Ice]Mandibuzz||HeavyDutyBoots|BigPecks|FoulPlay,Roost,Uturn,Toxic|Careful|248,,76,,184,|F||||,,,,,Dark\",\"rating\":0}\n>chat ☆r6_private_ryan|Can U post live link please \n>chat ☆r6_private_ryan|Glhf\n>chat ☆DogeTheNoob|gl gl\n>p1 team 6, 2, 3, 4, 5, 1\n>p2 team 2, 1, 3, 4, 5, 6\n>chat ☆DogeTheNoob|oh is it tera preview\n>p1 move flipturn\n>p2 switch 3\n>chat ☆DogeTheNoob|i’m water on slither wing\n>p1 switch 5\n>chat ☆r6_private_ryan|No sorry I forgot to \n>chat ☆DogeTheNoob|what tera is hammer?\n>chat ☆r6_private_ryan|Yeah\n>p1 move knockoff\n>p2 switch 5\n>chat ☆r6_private_ryan|Is fairy \n>p1 move stealthrock\n>p2 move freezedry mega\n>p1 switch 4\n>p1 move earthquake\n>p2 switch 5\n>p1 move terablast terastallize\n>p2 move willowisp terastallize\n>p1 move terablast\n>p2 move morningsun\n>p2 switch 5\n>p1 move earthquake\n>p2 move sludgewave\n>p1 switch 6\n>p1 move earthquake\n>p2 switch 6\n>p1 move flipturn\n>p2 move foulplay\n>p1 switch 2\n>p1 move moonblast mega\n>p2 switch 3\n>p1 switch 3\n>p2 switch 2\n>p1 move powergem\n>p2 move dragondance\n>p1 move powergem\n>p2 move dragondance\n>p1 switch 5\n>p2 move morningsun\n>p1 move aquastep\n>p2 move earthquake\n>p1 switch 5\n>p1 move suckerpunch\n>p2 move heatcrash\n>p1 switch 2\n>p1 move accelerock\n>p2 move heatcrash\n>p1 switch 3\n>chat ☆r6_private_ryan|Gg\n>chat ☆DogeTheNoob|ggs\n>chat ☆r6_private_ryan|Wp\n>p1 move dragonpulse\n>p2 move earthquake","uploadtime":1763736307}