{"id":"gen9natdexdraft-344","log":"|j|☆fiendishzealot\n|j|☆menace2sociteh\n|t:|1762887500\n|gametype|singles\n|player|p1|fiendishzealot|265|\n|player|p2|menace2sociteh|169|\n|gen|9\n|tier|[Gen 9] NatDex Draft\n|rule|Tera Type Preview: Tera Types are shown at Team Preview\n|rule|Sleep Clause Mod: Limit one foe put to sleep\n|rule|OHKO Clause: OHKO moves are banned\n|rule|Evasion Clause: Evasion abilities, items, and moves are banned\n|rule|Evasion Abilities Clause: Evasion abilities are banned\n|rule|Evasion Items Clause: Evasion items are banned\n|rule|Evasion Moves Clause: Evasion moves are banned\n|rule|Endless Battle Clause: Forcing endless battles is banned\n|rule|HP Percentage Mod: HP is shown in percentages\n|raw|<div class=\"infobox\"><details class=\"readmore\" open><summary><strong>1 custom rule:</strong></summary> Tera Type Preview</details></div>\n|clearpoke\n|poke|p1|Queendra, M|\n|poke|p1|Celesteela|\n|poke|p1|Plasmatomb, M|\n|poke|p1|Donphan, M|\n|poke|p1|Tapu Fini|\n|poke|p1|Ogerpon-Wellspring, F|\n|poke|p2|Elecprobe|\n|poke|p2|Hippowdon, M|\n|poke|p2|Dracovish|\n|poke|p2|Tyrantrum, M|\n|poke|p2|Gloomhorn, F|\n|poke|p2|Wild Wind, M|\n|raw|fiendishzealot's Tera Types:<br /><psicon pokemon=\"queendra\" /><psicon type=\"Ice\" /> / <psicon pokemon=\"celesteela\" /><psicon type=\"Steel\" /> / <psicon pokemon=\"plasmatomb\" /><psicon type=\"Fairy\" /> / <psicon pokemon=\"donphan\" /><psicon type=\"Ground\" /> / <psicon pokemon=\"tapufini\" /><psicon type=\"Water\" /> / <psicon pokemon=\"ogerponwellspring\" /><psicon type=\"Water\" />\n|raw|menace2sociteh's Tera Types:<br /><psicon pokemon=\"elecprobe\" /><psicon type=\"Rock\" /> / <psicon pokemon=\"hippowdon\" /><psicon type=\"Ground\" /> / <psicon pokemon=\"dracovish\" /><psicon type=\"Water\" /> / <psicon pokemon=\"tyrantrum\" /><psicon type=\"Rock\" /> / <psicon pokemon=\"gloomhorn\" /><psicon type=\"Dark\" /> / <psicon pokemon=\"wildwind\" /><psicon type=\"Fairy\" />\n|teampreview\n|c|☆menace2sociteh|aight hff\n|c|☆fiendishzealot|gl hf\n|c|☆menace2sociteh|all good?\n|c|☆fiendishzealot|yeah\n|c|☆menace2sociteh|okayy\n|\n|t:|1762887645\n|teamsize|p1|6\n|teamsize|p2|6\n|start\n|switch|p1a: Ogerpon|Ogerpon-Wellspring, F|100/100\n|switch|p2a: Elecprobe|Elecprobe|100/100\n|turn|1\n|\n|t:|1762887688\n|move|p1a: Ogerpon|Spiky Shield|p1a: Ogerpon\n|-singleturn|p1a: Ogerpon|move: Protect\n|move|p2a: Elecprobe|Electro Drift|p1a: Ogerpon\n|-activate|p1a: Ogerpon|move: Protect\n|-damage|p2a: Elecprobe|88/100|[from] Spiky Shield|[of] p1a: Ogerpon\n|\n|upkeep\n|turn|2\n|c|☆menace2sociteh|lol \n|\n|t:|1762887699\n|move|p2a: Elecprobe|Electro Drift|p1a: Ogerpon\n|-damage|p1a: Ogerpon|50/100\n|move|p1a: Ogerpon|Ivy Cudgel|p2a: Elecprobe|[anim] Ivy Cudgel Water\n|-resisted|p2a: Elecprobe\n|-damage|p2a: Elecprobe|47/100\n|\n|upkeep\n|turn|3\n|c|☆menace2sociteh|its contact?\n|\n|t:|1762887710\n|switch|p1a: Donphan|Donphan, M|100/100\n|move|p2a: Elecprobe|Volt Switch|p1a: Donphan\n|-immune|p1a: Donphan\n|\n|upkeep\n|turn|4\n|\n|t:|1762887722\n|move|p2a: Elecprobe|Giga Drain|p1a: Donphan\n|-supereffective|p1a: Donphan\n|-damage|p1a: Donphan|6/100\n|-heal|p2a: Elecprobe|100/100|[from] drain|[of] p1a: Donphan\n|move|p1a: Donphan|Poison Jab|p2a: Elecprobe\n|-supereffective|p2a: Elecprobe\n|-damage|p2a: Elecprobe|39/100\n|\n|-heal|p1a: Donphan|13/100|[from] item: Leftovers\n|upkeep\n|turn|5\n|\n|t:|1762887734\n|switch|p1a: Queendra|Queendra, M|100/100\n|move|p2a: Elecprobe|Giga Drain|p1a: Queendra\n|-resisted|p1a: Queendra\n|-damage|p1a: Queendra|78/100\n|-heal|p2a: Elecprobe|52/100|[from] drain|[of] p1a: Queendra\n|\n|upkeep\n|turn|6\n|\n|t:|1762887749\n|detailschange|p1a: Queendra|Queendra-Mega, M\n|-mega|p1a: Queendra|Queendra|Queendrite\n|-terastallize|p2a: Elecprobe|Rock\n|move|p2a: Elecprobe|Tera Blast|p1a: Queendra|[anim] Tera Blast Rock\n|-supereffective|p1a: Queendra\n|-crit|p1a: Queendra\n|-damage|p1a: Queendra|0 fnt\n|faint|p1a: Queendra\n|detailschange|p1: Queendra|Queendra, M|[silent]\n|\n|upkeep\n|\n|t:|1762887776\n|switch|p1a: Plasmatomb|Plasmatomb, M|100/100\n|turn|7\n|\n|t:|1762887788\n|move|p2a: Elecprobe|Volt Switch|p1a: Plasmatomb\n|-damage|p1a: Plasmatomb|68/100\n|\n|t:|1762887792\n|switch|p2a: Wild Wind|Wild Wind, M|100/100|[from] Volt Switch\n|move|p1a: Plasmatomb|Psyshock|p2a: Wild Wind\n|-damage|p2a: Wild Wind|84/100\n|\n|-heal|p2a: Wild Wind|91/100|[from] item: Leftovers\n|-heal|p1a: Plasmatomb|74/100|[from] item: Leftovers\n|upkeep\n|turn|8\n|\n|t:|1762887800\n|move|p2a: Wild Wind|Wish|p2a: Wild Wind\n|move|p1a: Plasmatomb|Hidden Power|p2a: Wild Wind\n|-supereffective|p2a: Wild Wind\n|-damage|p2a: Wild Wind|26/100\n|\n|-heal|p2a: Wild Wind|32/100|[from] item: Leftovers\n|-heal|p1a: Plasmatomb|80/100|[from] item: Leftovers\n|upkeep\n|turn|9\n|\n|t:|1762887810\n|switch|p1a: Celesteela|Celesteela|100/100\n|move|p2a: Wild Wind|Protect||[still]\n|-fail|p2a: Wild Wind\n|\n|-heal|p2a: Wild Wind|82/100|[from] move: Wish|[wisher] Wild Wind\n|-heal|p2a: Wild Wind|89/100|[from] item: Leftovers\n|upkeep\n|turn|10\n|\n|t:|1762887827\n|-end|p2a: Wild Wind|Protosynthesis|[silent]\n|switch|p2a: Gloomhorn|Gloomhorn, F|100/100\n|move|p1a: Celesteela|Iron Defense|p1a: Celesteela\n|-boost|p1a: Celesteela|def|2\n|\n|upkeep\n|turn|11\n|\n|t:|1762887835\n|move|p1a: Celesteela|Earthquake|p2a: Gloomhorn\n|-damage|p2a: Gloomhorn|77/100\n|move|p2a: Gloomhorn|Circle Throw|p1a: Celesteela\n|-damage|p1a: Celesteela|90/100\n|drag|p1a: Plasmatomb|Plasmatomb, M|80/100\n|\n|-heal|p1a: Plasmatomb|86/100|[from] item: Leftovers\n|upkeep\n|turn|12\n|\n|t:|1762887847\n|switch|p2a: Hippowdon|Hippowdon, M|100/100\n|-weather|Sandstorm|[from] ability: Sand Stream|[of] p2a: Hippowdon\n|-terastallize|p1a: Plasmatomb|Fairy\n|move|p1a: Plasmatomb|Tera Blast|p2a: Hippowdon|[anim] Tera Blast Fairy\n|-damage|p2a: Hippowdon|64/100\n|\n|-weather|Sandstorm|[upkeep]\n|-damage|p1a: Plasmatomb|80/100|[from] Sandstorm\n|-heal|p1a: Plasmatomb|86/100|[from] item: Leftovers\n|upkeep\n|turn|13\n|\n|t:|1762887858\n|switch|p1a: Tapu Fini|Tapu Fini|100/100\n|-fieldstart|move: Misty Terrain|[from] ability: Misty Surge|[of] p1a: Tapu Fini\n|move|p2a: Hippowdon|Stealth Rock|p1a: Tapu Fini\n|-sidestart|p1: fiendishzealot|move: Stealth Rock\n|\n|-weather|Sandstorm|[upkeep]\n|-damage|p1a: Tapu Fini|94/100|[from] Sandstorm\n|-heal|p1a: Tapu Fini|100/100|[from] item: Leftovers\n|upkeep\n|turn|14\n|\n|t:|1762887871\n|switch|p2a: Wild Wind|Wild Wind, M|89/100\n|move|p1a: Tapu Fini|Calm Mind|p1a: Tapu Fini\n|-boost|p1a: Tapu Fini|spa|1\n|-boost|p1a: Tapu Fini|spd|1\n|\n|-weather|Sandstorm|[upkeep]\n|-damage|p2a: Wild Wind|82/100|[from] Sandstorm\n|-damage|p1a: Tapu Fini|94/100|[from] Sandstorm\n|-heal|p2a: Wild Wind|89/100|[from] item: Leftovers\n|-heal|p1a: Tapu Fini|100/100|[from] item: Leftovers\n|upkeep\n|turn|15\n|\n|t:|1762887882\n|move|p2a: Wild Wind|Encore|p1a: Tapu Fini\n|-start|p1a: Tapu Fini|Encore\n|move|p1a: Tapu Fini|Calm Mind|p1a: Tapu Fini\n|-boost|p1a: Tapu Fini|spa|1\n|-boost|p1a: Tapu Fini|spd|1\n|\n|-weather|Sandstorm|[upkeep]\n|-damage|p2a: Wild Wind|82/100|[from] Sandstorm\n|-damage|p1a: Tapu Fini|94/100|[from] Sandstorm\n|-heal|p2a: Wild Wind|89/100|[from] item: Leftovers\n|-heal|p1a: Tapu Fini|100/100|[from] item: Leftovers\n|upkeep\n|turn|16\n|\n|t:|1762887892\n|-end|p2a: Wild Wind|Protosynthesis|[silent]\n|switch|p2a: Tyrantrum|Tyrantrum, M|100/100\n|switch|p1a: Celesteela|Celesteela|90/100\n|-damage|p1a: Celesteela|78/100|[from] Stealth Rock\n|\n|-weather|Sandstorm|[upkeep]\n|-heal|p1a: Celesteela|84/100|[from] item: Leftovers\n|upkeep\n|turn|17\n|\n|t:|1762887902\n|detailschange|p2a: Tyrantrum|Tyrantrum-Mega, M\n|-mega|p2a: Tyrantrum|Tyrantrum|Tyrantrumite\n|move|p2a: Tyrantrum|Crunch|p1a: Celesteela\n|-damage|p1a: Celesteela|39/100\n|move|p1a: Celesteela|Earthquake|p2a: Tyrantrum\n|-supereffective|p2a: Tyrantrum\n|-damage|p2a: Tyrantrum|60/100\n|\n|-weather|Sandstorm|[upkeep]\n|-heal|p1a: Celesteela|45/100|[from] item: Leftovers\n|-fieldend|Misty Terrain\n|upkeep\n|turn|18\n|\n|t:|1762887912\n|move|p1a: Celesteela|Protect|p1a: Celesteela\n|-singleturn|p1a: Celesteela|Protect\n|move|p2a: Tyrantrum|Crunch|p1a: Celesteela\n|-activate|p1a: Celesteela|move: Protect\n|\n|-weather|Sandstorm|[upkeep]\n|-heal|p1a: Celesteela|51/100|[from] item: Leftovers\n|upkeep\n|turn|19\n|\n|t:|1762887919\n|move|p2a: Tyrantrum|Crunch|p1a: Celesteela\n|-damage|p1a: Celesteela|8/100\n|move|p1a: Celesteela|Earthquake|p2a: Tyrantrum\n|-supereffective|p2a: Tyrantrum\n|-damage|p2a: Tyrantrum|13/100\n|\n|-weather|none\n|-heal|p1a: Celesteela|14/100|[from] item: Leftovers\n|upkeep\n|turn|20\n|\n|t:|1762887929\n|switch|p1a: Donphan|Donphan, M|13/100\n|-damage|p1a: Donphan|6/100|[from] Stealth Rock\n|move|p2a: Tyrantrum|Crunch|p1a: Donphan\n|-damage|p1a: Donphan|0 fnt\n|faint|p1a: Donphan\n|\n|upkeep\n|\n|t:|1762887936\n|switch|p1a: Ogerpon|Ogerpon-Wellspring, F|50/100\n|-damage|p1a: Ogerpon|38/100|[from] Stealth Rock\n|turn|21\n|\n|t:|1762887945\n|switch|p2a: Wild Wind|Wild Wind, M|89/100\n|move|p1a: Ogerpon|Horn Leech|p2a: Wild Wind\n|-resisted|p2a: Wild Wind\n|-damage|p2a: Wild Wind|71/100\n|-heal|p1a: Ogerpon|51/100|[from] drain|[of] p2a: Wild Wind\n|\n|-heal|p2a: Wild Wind|77/100|[from] item: Leftovers\n|upkeep\n|turn|22\n|\n|t:|1762887955\n|switch|p1a: Celesteela|Celesteela|14/100\n|-damage|p1a: Celesteela|2/100|[from] Stealth Rock\n|move|p2a: Wild Wind|Foul Play|p1a: Celesteela\n|-damage|p1a: Celesteela|0 fnt\n|faint|p1a: Celesteela\n|\n|-heal|p2a: Wild Wind|84/100|[from] item: Leftovers\n|upkeep\n|\n|t:|1762887964\n|switch|p1a: Plasmatomb|Plasmatomb, M, tera:Fairy|86/100\n|-damage|p1a: Plasmatomb|74/100|[from] Stealth Rock\n|turn|23\n|\n|t:|1762887979\n|-end|p2a: Wild Wind|Protosynthesis|[silent]\n|switch|p2a: Hippowdon|Hippowdon, M|64/100\n|-weather|Sandstorm|[from] ability: Sand Stream|[of] p2a: Hippowdon\n|move|p1a: Plasmatomb|Tera Blast|p2a: Hippowdon|[anim] Tera Blast Fairy\n|-damage|p2a: Hippowdon|29/100\n|\n|-weather|Sandstorm|[upkeep]\n|-damage|p1a: Plasmatomb|68/100|[from] Sandstorm\n|-heal|p1a: Plasmatomb|74/100|[from] item: Leftovers\n|upkeep\n|turn|24\n|\n|t:|1762887989\n|move|p2a: Hippowdon|Earthquake|p1a: Plasmatomb\n|-damage|p1a: Plasmatomb|40/100\n|move|p1a: Plasmatomb|Tera Blast|p2a: Hippowdon|[anim] Tera Blast Fairy\n|-damage|p2a: Hippowdon|0 fnt\n|faint|p2a: Hippowdon\n|\n|-weather|Sandstorm|[upkeep]\n|-damage|p1a: Plasmatomb|34/100|[from] Sandstorm\n|-heal|p1a: Plasmatomb|40/100|[from] item: Leftovers\n|upkeep\n|\n|t:|1762888015\n|switch|p2a: Tyrantrum|Tyrantrum-Mega, M|13/100\n|turn|25\n|\n|t:|1762888020\n|move|p2a: Tyrantrum|Head Smash|p1a: Plasmatomb\n|-damage|p1a: Plasmatomb|0 fnt\n|faint|p1a: Plasmatomb\n|-damage|p2a: Tyrantrum|0 fnt|[from] Recoil\n|faint|p2a: Tyrantrum\n|detailschange|p2: Tyrantrum|Tyrantrum, M|[silent]\n|\n|-weather|Sandstorm|[upkeep]\n|upkeep\n|\n|t:|1762888027\n|switch|p2a: Elecprobe|Elecprobe, tera:Rock|52/100\n|switch|p1a: Ogerpon|Ogerpon-Wellspring, F|51/100\n|-damage|p1a: Ogerpon|39/100|[from] Stealth Rock\n|turn|26\n|c|☆fiendishzealot|gg\n|\n|t:|1762888035\n|move|p2a: Elecprobe|Electro Drift|p1a: Ogerpon\n|-damage|p1a: Ogerpon|0 fnt\n|faint|p1a: Ogerpon\n|\n|-weather|Sandstorm|[upkeep]\n|upkeep\n|\n|t:|1762888041\n|switch|p1a: Tapu Fini|Tapu Fini|100/100\n|-damage|p1a: Tapu Fini|88/100|[from] Stealth Rock\n|-fieldstart|move: Misty Terrain|[from] ability: Misty Surge|[of] p1a: Tapu Fini\n|turn|27\n|c|☆menace2sociteh|gg\n|\n|t:|1762888049\n|move|p2a: Elecprobe|Volt Switch|p1a: Tapu Fini\n|-supereffective|p1a: Tapu Fini\n|-damage|p1a: Tapu Fini|28/100\n|\n|t:|1762888051\n|switch|p2a: Wild Wind|Wild Wind, M|84/100|[from] Volt Switch\n|move|p1a: Tapu Fini|Iron Defense|p1a: Tapu Fini\n|-boost|p1a: Tapu Fini|def|2\n|\n|-weather|Sandstorm|[upkeep]\n|-damage|p2a: Wild Wind|77/100|[from] Sandstorm\n|-damage|p1a: Tapu Fini|22/100|[from] Sandstorm\n|-heal|p2a: Wild Wind|84/100|[from] item: Leftovers\n|-heal|p1a: Tapu Fini|28/100|[from] item: Leftovers\n|upkeep\n|turn|28\n|\n|t:|1762888062\n|move|p2a: Wild Wind|Encore|p1a: Tapu Fini\n|-start|p1a: Tapu Fini|Encore\n|move|p1a: Tapu Fini|Iron Defense|p1a: Tapu Fini\n|-boost|p1a: Tapu Fini|def|2\n|\n|-weather|Sandstorm|[upkeep]\n|-damage|p2a: Wild Wind|77/100|[from] Sandstorm\n|-damage|p1a: Tapu Fini|22/100|[from] Sandstorm\n|-heal|p2a: Wild Wind|84/100|[from] item: Leftovers\n|-heal|p1a: Tapu Fini|28/100|[from] item: Leftovers\n|upkeep\n|turn|29\n|c|☆fiendishzealot|just kill me dude\n|\n|t:|1762888075\n|-end|p2a: Wild Wind|Protosynthesis|[silent]\n|switch|p2a: Elecprobe|Elecprobe, tera:Rock|52/100\n|move|p1a: Tapu Fini|Iron Defense|p1a: Tapu Fini\n|-boost|p1a: Tapu Fini|def|2\n|\n|-weather|Sandstorm|[upkeep]\n|-damage|p1a: Tapu Fini|22/100|[from] Sandstorm\n|-heal|p1a: Tapu Fini|28/100|[from] item: Leftovers\n|upkeep\n|turn|30\n|c|☆menace2sociteh|i am lol\n|\n|t:|1762888083\n|move|p2a: Elecprobe|Electro Drift|p1a: Tapu Fini\n|-supereffective|p1a: Tapu Fini\n|-damage|p1a: Tapu Fini|0 fnt\n|faint|p1a: Tapu Fini\n|\n|win|menace2sociteh\n|l|☆fiendishzealot\n|player|p1|\n|c|☆menace2sociteh|ggs\n","players":["fiendishzealot","menace2sociteh"],"format":"[Gen 9] NatDex Draft","rating":null,"private":1,"password":"pnd0j2t11c15oofbx7wgp04quda8i59","inputlog":">version 8060b428d75f17aec3cad8929844be05c114545a\n>start {\"formatid\":\"gen9natdexdraft@@@Tera Type Preview\",\"seed\":\"sodium,3dd1492b5b3a938a99813ba640e52784\"}\n>player p1 {\"name\":\"fiendishzealot\",\"avatar\":\"265\",\"team\":\"Queendra||Queendrite|SlushRush|DragonDance,Liquidation,IceSpinner,Protect|Jolly|96,252,,,,160|M||||,,,,,Ice]Celesteela||Leftovers|BeastBoost|IronDefense,Protect,Earthquake,Flamethrower|Relaxed|252,68,188,,,|N||||,,,,,Steel]Plasmatomb||Leftovers|Infiltrator|Psyshock,TeraBlast,Discharge,HiddenPowerPoison|Calm|68,,252,188,,|M||||,Poison,,,,Fairy]Donphan||Leftovers|Sturdy|PoisonJab,Earthquake,RapidSpin,FireFang|Impish|196,60,252,,,|M||||,,,,,Ground]Tapu Fini||Leftovers|MistySurge|IronDefense,CalmMind,DrainingKiss,StoredPower|Timid|136,,252,,56,64|N|,0,,,,|||,,,,,Water]Ogerpon|OgerponWellspring|WellspringMask|WaterAbsorb|HornLeech,IvyCudgel,LowKick,SpikyShield|Jolly|32,252,,,,224|F||||,Poison,,,,Water\",\"rating\":0}\n>player p2 {\"name\":\"menace2sociteh\",\"avatar\":\"169\",\"team\":\"Elecprobe||AssaultVest|Aftermath|ElectroDrift,VoltSwitch,GigaDrain,TeraBlast|Timid|,,200,252,,56|N||||,,,,,Rock]Hippowdon||SmoothRock|SandStream|StealthRock,SlackOff,Earthquake,Whirlwind|Impish|252,56,200,,,|M||||,,,,,Ground]Dracovish||HeavyDutyBoots|SandRush|FishiousRend,LeechLife,Substitute,DragonRush|Adamant|112,252,,,,144|N||||,,,,,Water]Tyrantrum||Tyrantrumite|StrongJaw|Crunch,HeadSmash,Earthquake,RockPolish|Adamant|,252,,,4,252|M||||,,,,,Rock]Gloomhorn||AssaultVest|Technician|CircleThrow,ShadowSneak,Uturn,Facade|Adamant|248,,,,252,8|F||||,,,,,Dark]Wild Wind||Leftovers|Protosynthesis|FoulPlay,Protect,Wish,Encore|Timid|124,,152,,,232|M|,0,,,,|||,,,,,Fairy\",\"rating\":0}\n>chat ☆menace2sociteh|aight hff\n>chat ☆fiendishzealot|gl hf\n>chat ☆menace2sociteh|all good?\n>chat ☆fiendishzealot|yeah\n>chat ☆menace2sociteh|okayy\n>p1 team 6, 2, 3, 4, 5, 1\n>p2 team 1, 2, 3, 4, 5, 6\n>p1 move spikyshield\n>p2 move electrodrift\n>chat ☆menace2sociteh|lol \n>p1 move ivycudgel\n>p2 move electrodrift\n>chat ☆menace2sociteh|its contact?\n>p1 switch 4\n>p2 move voltswitch\n>p1 move poisonjab\n>p2 move gigadrain\n>p1 switch 6\n>p2 move gigadrain\n>p1 move icespinner mega\n>p2 move terablast terastallize\n>p1 switch 3\n>p1 move psyshock\n>p2 move voltswitch\n>p2 switch 6\n>p1 move hiddenpower\n>p2 move wish\n>p1 switch 2\n>p2 move protect\n>p1 move irondefense\n>p2 switch 5\n>p1 move earthquake\n>p2 move circlethrow\n>p1 move terablast terastallize\n>p2 switch 2\n>p1 switch 5\n>p2 move stealthrock\n>p1 move calmmind\n>p2 switch 5\n>p1 move calmmind\n>p2 move encore\n>p1 switch 2\n>p2 switch 4\n>p1 move earthquake\n>p2 move crunch mega\n>p1 move protect\n>p2 move crunch\n>p1 move earthquake\n>p2 move crunch\n>p1 switch 6\n>p2 move crunch\n>p1 switch 4\n>p1 move hornleech\n>p2 switch 4\n>p1 switch 6\n>p2 move foulplay\n>p1 switch 5\n>p1 move terablast\n>p2 switch 5\n>p1 move terablast\n>p2 move earthquake\n>p2 switch 4\n>p1 move terablast\n>p2 move headsmash\n>p1 switch 6\n>p2 switch 6\n>chat ☆fiendishzealot|gg\n>p1 move ivycudgel\n>p2 move electrodrift\n>p1 switch 2\n>chat ☆menace2sociteh|gg\n>p1 move irondefense\n>p2 move voltswitch\n>p2 switch 5\n>p1 move drainingkiss\n>p2 move encore\n>chat ☆fiendishzealot|just kill me dude\n>p1 move irondefense\n>p2 switch 5\n>chat ☆menace2sociteh|i am lol\n>p1 move irondefense\n>p2 move electrodrift","uploadtime":1762888099}