{"id":"gen9natdexdraft-253","log":"|j|☆chub hub\n|j|☆MegaIdot\n|t:|1762617279\n|gametype|singles\n|player|p1|chub hub|170|\n|player|p2|MegaIdot|102|\n|gen|9\n|tier|[Gen 9] NatDex Draft\n|rule|Tera Type Preview: Tera Types are shown at Team Preview\n|rule|Sleep Clause Mod: Limit one foe put to sleep\n|rule|OHKO Clause: OHKO moves are banned\n|rule|Evasion Clause: Evasion abilities, items, and moves are banned\n|rule|Evasion Abilities Clause: Evasion abilities are banned\n|rule|Evasion Items Clause: Evasion items are banned\n|rule|Evasion Moves Clause: Evasion moves are banned\n|rule|Endless Battle Clause: Forcing endless battles is banned\n|rule|HP Percentage Mod: HP is shown in percentages\n|raw|<div class=\"infobox\"><details class=\"readmore\" open><summary><strong>1 custom rule:</strong></summary> Tera Type Preview</details></div>\n|clearpoke\n|poke|p1|Overqwil, F|\n|poke|p1|Urshifu-*, M|\n|poke|p1|Drifblim-Hell, M|\n|poke|p1|Iron Saw, F|\n|poke|p1|Skeledirge, F|\n|poke|p1|Scream Tail|\n|poke|p2|Ceruledge, F|\n|poke|p2|Porygon2|\n|poke|p2|Hydrapple, F|\n|poke|p2|Palafin, M|\n|poke|p2|Gliscor, M|\n|poke|p2|Darkrai|\n|raw|chub hub's Tera Types:<br /><psicon pokemon=\"overqwil\" /><psicon type=\"Dark\" /> / <psicon pokemon=\"urshifurapidstrike\" /><psicon type=\"Fighting\" /> / <psicon pokemon=\"drifblimhell\" /><psicon type=\"Water\" /> / <psicon pokemon=\"ironsaw\" /><psicon type=\"Electric\" /> / <psicon pokemon=\"skeledirge\" /><psicon type=\"Water\" /> / <psicon pokemon=\"screamtail\" /><psicon type=\"Fairy\" />\n|raw|MegaIdot's Tera Types:<br /><psicon pokemon=\"ceruledge\" /><psicon type=\"Fire\" /> / <psicon pokemon=\"porygon2\" /><psicon type=\"Normal\" /> / <psicon pokemon=\"hydrapple\" /><psicon type=\"Ground\" /> / <psicon pokemon=\"palafin\" /><psicon type=\"Water\" /> / <psicon pokemon=\"gliscor\" /><psicon type=\"Steel\" /> / <psicon pokemon=\"darkrai\" /><psicon type=\"Dark\" />\n|teampreview\n|c|☆chub hub|that was my last week team \n|c|☆chub hub|sorry\n|c|☆MegaIdot|its oke lmao dw about it\n|c|☆chub hub|hf!\n|c|☆MegaIdot|hfhf!\n|\n|t:|1762617369\n|teamsize|p1|6\n|teamsize|p2|6\n|start\n|switch|p1a: Urshifu|Urshifu-Rapid-Strike, M|100/100\n|switch|p2a: Palafin|Palafin, M|100/100\n|turn|1\n|\n|t:|1762617393\n|move|p2a: Palafin|Flip Turn|p1a: Urshifu\n|-resisted|p1a: Urshifu\n|-damage|p1a: Urshifu|91/100\n|\n|t:|1762617397\n|detailschange|p2a: Palafin|Palafin-Hero, M\n|switch|p2a: Porygon2|Porygon2|100/100|[from] Flip Turn\n|-ability|p2a: Porygon2|Unseen Fist|Trace|[from] ability: Trace|[of] p1a: Urshifu\n|move|p1a: Urshifu|Close Combat|p2a: Porygon2\n|-supereffective|p2a: Porygon2\n|-crit|p2a: Porygon2\n|-damage|p2a: Porygon2|0 fnt\n|-unboost|p1a: Urshifu|def|1\n|-unboost|p1a: Urshifu|spd|1\n|faint|p2a: Porygon2\n|\n|upkeep\n|\n|t:|1762617404\n|switch|p2a: Darkrai|Darkrai|100/100\n|turn|2\n|c|☆chub hub|fuuuuuck \n|c|☆chub hub|sorry man\n|c|☆MegaIdot|its alr\n|\n|t:|1762617421\n|switch|p1a: Scream Tail|Scream Tail, shiny|100/100\n|move|p2a: Darkrai|Thunderbolt|p1a: Scream Tail\n|-damage|p1a: Scream Tail|73/100\n|-status|p1a: Scream Tail|par\n|-enditem|p1a: Scream Tail|Lum Berry|[eat]\n|-curestatus|p1a: Scream Tail|par|[msg]\n|-damage|p2a: Darkrai|91/100|[from] item: Life Orb\n|\n|upkeep\n|turn|3\n|\n|t:|1762617431\n|switch|p2a: Gliscor|Gliscor, M|100/100\n|move|p1a: Scream Tail|Thunder Wave|p2a: Gliscor\n|-immune|p2a: Gliscor\n|\n|-status|p2a: Gliscor|tox|[from] item: Toxic Orb\n|upkeep\n|turn|4\n|\n|t:|1762617441\n|move|p1a: Scream Tail|Stealth Rock|p2a: Gliscor\n|-sidestart|p2: MegaIdot|move: Stealth Rock\n|move|p2a: Gliscor|Knock Off|p1a: Scream Tail\n|-damage|p1a: Scream Tail|61/100\n|\n|upkeep\n|turn|5\n|\n|t:|1762617464\n|-end|p1a: Scream Tail|Protosynthesis|[silent]\n|switch|p1a: Urshifu|Urshifu-Rapid-Strike, M|91/100\n|move|p2a: Gliscor|Defog|p1a: Urshifu\n|-unboost|p1a: Urshifu|evasion|1\n|-sideend|p2: MegaIdot|Stealth Rock|[from] move: Defog|[of] p2a: Gliscor\n|\n|upkeep\n|turn|6\n|\n|t:|1762617478\n|switch|p2a: Hydrapple|Hydrapple, F|100/100\n|move|p1a: Urshifu|U-turn|p2a: Hydrapple\n|-supereffective|p2a: Hydrapple\n|-damage|p2a: Hydrapple|57/100\n|\n|t:|1762617512\n|switch|p1a: Drifblim-Hell|Drifblim-Hell, M|100/100|[from] U-turn\n|\n|-heal|p2a: Hydrapple|63/100|[from] item: Leftovers\n|upkeep\n|turn|7\n|\n|t:|1762617526\n|detailschange|p1a: Drifblim-Hell|Drifblim-Hell-Mega, M\n|-mega|p1a: Drifblim-Hell|Drifblim-Hell|Drifblimite Hell\n|-terastallize|p2a: Hydrapple|Ground\n|move|p1a: Drifblim-Hell|Scald|p2a: Hydrapple\n|-supereffective|p2a: Hydrapple\n|-damage|p2a: Hydrapple|0 fnt\n|faint|p2a: Hydrapple\n|\n|upkeep\n|\n|t:|1762617537\n|switch|p2a: Palafin|Palafin-Hero, M|100/100\n|-activate|p2a: Palafin|ability: Zero to Hero\n|turn|8\n|\n|t:|1762617565\n|move|p2a: Palafin|Bulk Up|p2a: Palafin\n|-boost|p2a: Palafin|atk|1\n|-boost|p2a: Palafin|def|1\n|move|p1a: Drifblim-Hell|Strength Sap|p2a: Palafin\n|-unboost|p2a: Palafin|atk|1\n|\n|upkeep\n|turn|9\n|\n|t:|1762617576\n|move|p2a: Palafin|Bulk Up|p2a: Palafin\n|-boost|p2a: Palafin|atk|1\n|-boost|p2a: Palafin|def|1\n|move|p1a: Drifblim-Hell|Reflect Type|p2a: Palafin\n|-start|p1a: Drifblim-Hell|typechange|[from] move: Reflect Type|[of] p2a: Palafin\n|\n|upkeep\n|-start|p1a: Drifblim-Hell|typechange|Water|[silent]\n|turn|10\n|\n|t:|1762617581\n|move|p2a: Palafin|Bulk Up|p2a: Palafin\n|-boost|p2a: Palafin|atk|1\n|-boost|p2a: Palafin|def|1\n|move|p1a: Drifblim-Hell|Sludge Bomb|p2a: Palafin\n|-damage|p2a: Palafin|67/100\n|\n|-heal|p2a: Palafin|74/100|[from] item: Leftovers\n|upkeep\n|turn|11\n|\n|t:|1762617586\n|move|p2a: Palafin|Zen Headbutt|p1a: Drifblim-Hell\n|-damage|p1a: Drifblim-Hell|58/100\n|move|p1a: Drifblim-Hell|Strength Sap|p2a: Palafin\n|-unboost|p2a: Palafin|atk|1\n|-heal|p1a: Drifblim-Hell|100/100\n|\n|-heal|p2a: Palafin|80/100|[from] item: Leftovers\n|upkeep\n|turn|12\n|\n|t:|1762617591\n|switch|p2a: Darkrai|Darkrai|91/100\n|move|p1a: Drifblim-Hell|Sludge Bomb|p2a: Darkrai\n|-damage|p2a: Darkrai|52/100\n|\n|upkeep\n|turn|13\n|\n|t:|1762617596\n|switch|p1a: Overqwil|Overqwil, F, shiny|100/100\n|-ability|p1a: Overqwil|Intimidate|boost\n|-unboost|p2a: Darkrai|atk|1\n|move|p2a: Darkrai|Nasty Plot|p2a: Darkrai\n|-boost|p2a: Darkrai|spa|2\n|\n|upkeep\n|turn|14\n|\n|t:|1762617609\n|move|p2a: Darkrai|Thunderbolt|p1a: Overqwil\n|-damage|p1a: Overqwil|27/100\n|-damage|p2a: Darkrai|42/100|[from] item: Life Orb\n|move|p1a: Overqwil|Gunk Shot|p2a: Darkrai\n|-damage|p2a: Darkrai|0 fnt\n|faint|p2a: Darkrai\n|\n|-heal|p1a: Overqwil|33/100|[from] item: Black Sludge\n|upkeep\n|\n|t:|1762617619\n|switch|p2a: Palafin|Palafin-Hero, M|80/100\n|turn|15\n|\n|t:|1762617633\n|move|p2a: Palafin|Bulk Up|p2a: Palafin\n|-boost|p2a: Palafin|atk|1\n|-boost|p2a: Palafin|def|1\n|move|p1a: Overqwil|Toxic Spikes|p2a: Palafin\n|-sidestart|p2: MegaIdot|move: Toxic Spikes\n|\n|-heal|p2a: Palafin|86/100|[from] item: Leftovers\n|-heal|p1a: Overqwil|40/100|[from] item: Black Sludge\n|upkeep\n|turn|16\n|\n|t:|1762617643\n|switch|p1a: Drifblim-Hell|Drifblim-Hell-Mega, M|100/100\n|move|p2a: Palafin|Bulk Up|p2a: Palafin\n|-boost|p2a: Palafin|atk|1\n|-boost|p2a: Palafin|def|1\n|\n|-heal|p2a: Palafin|92/100|[from] item: Leftovers\n|upkeep\n|turn|17\n|\n|t:|1762617657\n|move|p2a: Palafin|Zen Headbutt|p1a: Drifblim-Hell\n|-supereffective|p1a: Drifblim-Hell\n|-damage|p1a: Drifblim-Hell|13/100\n|cant|p1a: Drifblim-Hell|flinch\n|\n|-heal|p2a: Palafin|98/100|[from] item: Leftovers\n|upkeep\n|turn|18\n|c|☆MegaIdot|mb\n|\n|t:|1762617668\n|move|p2a: Palafin|Jet Punch|p1a: Drifblim-Hell\n|-resisted|p1a: Drifblim-Hell\n|-damage|p1a: Drifblim-Hell|0 fnt\n|faint|p1a: Drifblim-Hell\n|detailschange|p1: Drifblim-Hell|Drifblim-Hell, M|[silent]\n|\n|-heal|p2a: Palafin|100/100|[from] item: Leftovers\n|upkeep\n|c|☆chub hub|its justified for earlier lol \n|\n|t:|1762617675\n|switch|p1a: Skeledirge|Skeledirge, F, shiny|100/100\n|turn|19\n|\n|t:|1762617685\n|switch|p2a: Gliscor|Gliscor, M|100/100 tox\n|-terastallize|p1a: Skeledirge|Water\n|move|p1a: Skeledirge|Shadow Ball|p2a: Gliscor\n|-damage|p2a: Gliscor|64/100 tox\n|\n|-heal|p2a: Gliscor|76/100 tox|[from] ability: Poison Heal\n|upkeep\n|turn|20\n|\n|t:|1762617710\n|move|p2a: Gliscor|Toxic|p1a: Skeledirge\n|-status|p1a: Skeledirge|tox\n|move|p1a: Skeledirge|Torch Song|p2a: Gliscor\n|-damage|p2a: Gliscor|39/100 tox\n|-boost|p1a: Skeledirge|spa|1\n|\n|-heal|p2a: Gliscor|51/100 tox|[from] ability: Poison Heal\n|-damage|p1a: Skeledirge|94/100 tox|[from] psn\n|upkeep\n|turn|21\n|\n|t:|1762617719\n|move|p2a: Gliscor|Defog|p1a: Skeledirge\n|-unboost|p1a: Skeledirge|evasion|1\n|-sideend|p2: MegaIdot|Toxic Spikes|[from] move: Defog|[of] p2a: Gliscor\n|move|p1a: Skeledirge|Tera Blast|p2a: Gliscor|[anim] Tera Blast Water\n|-supereffective|p2a: Gliscor\n|-damage|p2a: Gliscor|0 fnt\n|faint|p2a: Gliscor\n|\n|-damage|p1a: Skeledirge|82/100 tox|[from] psn\n|upkeep\n|\n|t:|1762617738\n|switch|p2a: Ceruledge|Ceruledge, F, shiny|100/100\n|turn|22\n|\n|t:|1762617748\n|detailschange|p2a: Ceruledge|Ceruledge-Mega, F, shiny\n|-mega|p2a: Ceruledge|Ceruledge|Ceruledgite\n|move|p2a: Ceruledge|Psycho Cut|p1a: Skeledirge\n|-damage|p1a: Skeledirge|66/100 tox\n|move|p1a: Skeledirge|Shadow Ball|p2a: Ceruledge\n|-damage|p2a: Ceruledge|56/100\n|\n|-damage|p1a: Skeledirge|48/100 tox|[from] psn\n|upkeep\n|turn|23\n|\n|t:|1762617756\n|move|p2a: Ceruledge|Bitter Blade|p1a: Skeledirge\n|-resisted|p1a: Skeledirge\n|-damage|p1a: Skeledirge|31/100 tox\n|-heal|p2a: Ceruledge|68/100|[from] drain|[of] p1a: Skeledirge\n|move|p1a: Skeledirge|Tera Blast|p2a: Ceruledge|[anim] Tera Blast Water\n|-supereffective|p2a: Ceruledge\n|-damage|p2a: Ceruledge|0 fnt\n|faint|p2a: Ceruledge\n|detailschange|p2: Ceruledge|Ceruledge, F, shiny|[silent]\n|\n|-damage|p1a: Skeledirge|6/100 tox|[from] psn\n|upkeep\n|\n|t:|1762617759\n|switch|p2a: Palafin|Palafin-Hero, M|100/100\n|turn|24\n|\n|t:|1762617762\n|move|p2a: Palafin|Jet Punch|p1a: Skeledirge\n|-resisted|p1a: Skeledirge\n|-damage|p1a: Skeledirge|0 fnt\n|faint|p1a: Skeledirge\n|\n|upkeep\n|\n|t:|1762617769\n|switch|p1a: Iron Saw|Iron Saw, F, shiny|100/100\n|turn|25\n|\n|t:|1762617773\n|move|p2a: Palafin|Jet Punch|p1a: Iron Saw\n|-damage|p1a: Iron Saw|46/100\n|move|p1a: Iron Saw|Wild Charge|p2a: Palafin\n|-supereffective|p2a: Palafin\n|-damage|p2a: Palafin|14/100\n|-damage|p1a: Iron Saw|22/100|[from] Recoil\n|\n|-heal|p2a: Palafin|20/100|[from] item: Leftovers\n|upkeep\n|turn|26\n|\n|t:|1762617779\n|move|p2a: Palafin|Jet Punch|p1a: Iron Saw\n|-damage|p1a: Iron Saw|0 fnt\n|faint|p1a: Iron Saw\n|-end|p1a: Iron Saw|Quark Drive|[silent]\n|\n|-heal|p2a: Palafin|26/100|[from] item: Leftovers\n|upkeep\n|\n|t:|1762617786\n|switch|p1a: Urshifu|Urshifu-Rapid-Strike, M|91/100\n|turn|27\n|\n|t:|1762617791\n|move|p2a: Palafin|Zen Headbutt|p1a: Urshifu\n|-supereffective|p1a: Urshifu\n|-crit|p1a: Urshifu\n|-damage|p1a: Urshifu|3/100\n|cant|p1a: Urshifu|flinch\n|\n|-heal|p2a: Palafin|32/100|[from] item: Leftovers\n|upkeep\n|turn|28\n|c|☆MegaIdot|im sorry ;-;\n|\n|t:|1762617815\n|move|p2a: Palafin|Jet Punch|p1a: Urshifu\n|-resisted|p1a: Urshifu\n|-damage|p1a: Urshifu|0 fnt\n|faint|p1a: Urshifu\n|\n|-heal|p2a: Palafin|38/100|[from] item: Leftovers\n|upkeep\n|\n|t:|1762617817\n|switch|p1a: Overqwil|Overqwil, F, shiny|40/100\n|-ability|p1a: Overqwil|Intimidate|boost\n|-unboost|p2a: Palafin|atk|1\n|turn|29\n|\n|t:|1762617824\n|move|p2a: Palafin|Bulk Up|p2a: Palafin\n|-boost|p2a: Palafin|atk|1\n|-boost|p2a: Palafin|def|1\n|move|p1a: Overqwil|Crunch|p2a: Palafin\n|-damage|p2a: Palafin|17/100\n|\n|-heal|p2a: Palafin|23/100|[from] item: Leftovers\n|-heal|p1a: Overqwil|46/100|[from] item: Black Sludge\n|upkeep\n|turn|30\n|\n|t:|1762617830\n|move|p2a: Palafin|Jet Punch|p1a: Overqwil\n|-damage|p1a: Overqwil|9/100\n|move|p1a: Overqwil|Gunk Shot|p2a: Palafin\n|-damage|p2a: Palafin|0 fnt\n|faint|p2a: Palafin\n|\n|win|chub hub\n|c|☆chub hub|oof\n|c|☆MegaIdot|ggs\n|c|☆chub hub|closer than i thought\n|c|☆chub hub|ggs\n|l|☆MegaIdot\n|player|p2|\n|c|☆chub hub|good flinches\n","players":["chub hub","MegaIdot"],"format":"[Gen 9] NatDex Draft","rating":null,"private":0,"password":null,"inputlog":">version ca683b84f76c372694ea8dfc9917fe16b0ba44a0\n>start {\"formatid\":\"gen9natdexdraft@@@Tera Type Preview\",\"seed\":\"sodium,7d9c4f7f4caa82dd982b93dfc686f834\"}\n>player p1 {\"name\":\"chub hub\",\"avatar\":\"170\",\"team\":\"Overqwil||BlackSludge|Intimidate|ToxicSpikes,Crunch,AquaJet,GunkShot|Careful|248,8,,,252,|F||S||,,,,,Dark]Urshifu|UrshifuRapidStrike|ProtectivePads|UnseenFist|SurgingStrikes,AquaJet,CloseCombat,Uturn|Adamant|248,252,,,8,|M||||,,,,,Fighting]Drifblim-Hell||DrifblimiteHell|PoisonPoint|SludgeBomb,StrengthSap,Scald,ReflectType|Bold|,,252,252,,4|M|,0,,,,|||,,,,,Water]Iron Saw||ChoiceScarf|QuarkDrive|RapidSpin,CloseCombat,WildCharge,Uturn|Jolly|48,252,24,,32,152|F||S||,,,,,Electric]Skeledirge||HeavyDutyBoots|Unaware|TorchSong,ShadowBall,SlackOff,TeraBlast|Bold|224,,252,,,32|F||S||,,,,,Water]Scream Tail||LumBerry|Protosynthesis|ThunderWave,StealthRock,Psyshock,DazzlingGleam|Timid|248,,,8,,252|N|,0,,,,|S||,,,,,Fairy\",\"rating\":0}\n>player p2 {\"name\":\"MegaIdot\",\"avatar\":\"102\",\"team\":\"Ceruledge||Ceruledgite|WeakArmor|SwordsDance,BitterBlade,PsychoCut,ShadowSneak|Jolly|,252,,,4,252|F||S||,,,,,Fire]Porygon2||Eviolite|Trace|Recover,ThunderWave,IceBeam,FoulPlay|Bold|252,,252,,,|N|,0,,,,|||,,,,,Normal]Hydrapple||Leftovers|Regenerator|NastyPlot,FickleBeam,TeraBlast,GigaDrain|Modest|252,,,252,4,|F||||,,,,,Ground]Palafin||Leftovers|ZerotoHero|ZenHeadbutt,FlipTurn,JetPunch,BulkUp|Adamant|,252,,,4,252|M||||,,,,,Water]Gliscor||ToxicOrb|PoisonHeal|Earthquake,Toxic,KnockOff,Defog|Impish|252,,184,,,72|M||||,,,,,Steel]Darkrai||LifeOrb|BadDreams|NastyPlot,DarkPulse,Thunderbolt,ShadowBall|Timid|,,,252,4,252|N|,0,,,,|||,,,,,Dark\",\"rating\":0}\n>chat ☆chub hub|that was my last week team \n>chat ☆chub hub|sorry\n>chat ☆MegaIdot|its oke lmao dw about it\n>chat ☆chub hub|hf!\n>chat ☆MegaIdot|hfhf!\n>p1 team 2, 1, 3, 4, 5, 6\n>p2 team 4, 2, 3, 1, 5, 6\n>p1 move closecombat\n>p2 move flipturn\n>p2 switch 2\n>p2 switch 6\n>chat ☆chub hub|fuuuuuck \n>chat ☆chub hub|sorry man\n>chat ☆MegaIdot|its alr\n>p1 switch 6\n>p2 move thunderbolt\n>p1 move thunderwave\n>p2 switch 5\n>p1 move stealthrock\n>p2 move knockoff\n>p1 switch 6\n>p2 move defog\n>p1 move uturn\n>p2 switch 3\n>p1 switch 3\n>p1 move scald mega\n>p2 move terablast terastallize\n>p2 switch 2\n>p1 move strengthsap\n>p2 move bulkup\n>p1 move reflecttype\n>p2 move bulkup\n>p1 move sludgebomb\n>p2 move bulkup\n>p1 move strengthsap\n>p2 move zenheadbutt\n>p1 move sludgebomb\n>p2 switch 5\n>p1 switch 2\n>p2 move nastyplot\n>p1 move gunkshot\n>p2 move thunderbolt\n>p2 switch 5\n>p1 move toxicspikes\n>p2 move bulkup\n>p1 switch 2\n>p2 move bulkup\n>p1 move strengthsap\n>p2 move zenheadbutt\n>chat ☆MegaIdot|mb\n>p1 move strengthsap\n>p2 move jetpunch\n>chat ☆chub hub|its justified for earlier lol \n>p1 switch 5\n>p1 move shadowball terastallize\n>p2 switch 3\n>p1 move torchsong\n>p2 move toxic\n>p1 move terablast\n>p2 move defog\n>p2 switch 4\n>p1 move shadowball\n>p2 move psychocut mega\n>p1 move terablast\n>p2 move bitterblade\n>p2 switch 3\n>p1 move shadowball\n>p2 move jetpunch\n>p1 switch 4\n>p1 move wildcharge\n>p2 move jetpunch\n>p1 move wildcharge\n>p2 move jetpunch\n>p1 switch 3\n>p1 move closecombat\n>p2 move zenheadbutt\n>chat ☆MegaIdot|im sorry ;-;\n>p1 move aquajet\n>p2 move jetpunch\n>p1 switch 2\n>p1 move crunch\n>p2 move bulkup\n>p1 move gunkshot\n>p2 move jetpunch","uploadtime":1762617849}