{"id":"gen9natdexdraft-46","log":"|j|☆skipprthepenguin\n|j|☆itoshiflwr\n|t:|1759511305\n|gametype|singles\n|player|p1|skipprthepenguin|265|\n|player|p2|itoshiflwr|lillie|\n|gen|9\n|tier|[Gen 9] NatDex Draft\n|rule|Tera Type Preview: Tera Types are shown at Team Preview\n|rule|Sleep Clause Mod: Limit one foe put to sleep\n|rule|OHKO Clause: OHKO moves are banned\n|rule|Evasion Clause: Evasion abilities, items, and moves are banned\n|rule|Evasion Abilities Clause: Evasion abilities are banned\n|rule|Evasion Items Clause: Evasion items are banned\n|rule|Evasion Moves Clause: Evasion moves are banned\n|rule|Endless Battle Clause: Forcing endless battles is banned\n|rule|HP Percentage Mod: HP is shown in percentages\n|raw|<div class=\"infobox\"><details class=\"readmore\" open><summary><strong>1 custom rule:</strong></summary> Tera Type Preview</details></div>\n|clearpoke\n|poke|p1|Chien-Pao|\n|poke|p1|Iron Valiant|\n|poke|p1|Noivern, M|\n|poke|p1|Paleogeist, M|\n|poke|p1|Orchestarrot, M|\n|poke|p1|Blastoise, F|\n|poke|p2|Deoxys-Speed|\n|poke|p2|Skarmory-Paper-Bender, F|\n|poke|p2|Urshifu-*, M|\n|poke|p2|Celesteela|\n|poke|p2|Serperior, F|\n|poke|p2|Ceruledge, M|\n|raw|skipprthepenguin's Tera Types:<br /><psicon pokemon=\"chienpao\" /><psicon type=\"Dark\" /> / <psicon pokemon=\"ironvaliant\" /><psicon type=\"Fairy\" /> / <psicon pokemon=\"noivern\" /><psicon type=\"Flying\" /> / <psicon pokemon=\"paleogeist\" /><psicon type=\"Flying\" /> / <psicon pokemon=\"orchestarrot\" /><psicon type=\"Normal\" /> / <psicon pokemon=\"blastoise\" /><psicon type=\"Water\" />\n|raw|itoshiflwr's Tera Types:<br /><psicon pokemon=\"deoxysspeed\" /><psicon type=\"Psychic\" /> / <psicon pokemon=\"skarmorypaperbender\" /><psicon type=\"Fairy\" /> / <psicon pokemon=\"urshifu\" /><psicon type=\"Dark\" /> / <psicon pokemon=\"celesteela\" /><psicon type=\"Steel\" /> / <psicon pokemon=\"serperior\" /><psicon type=\"Stellar\" /> / <psicon pokemon=\"ceruledge\" /><psicon type=\"Fire\" />\n|teampreview\n|j| The_Shawdoin\n|\n|t:|1759511330\n|teamsize|p1|6\n|teamsize|p2|6\n|start\n|switch|p1a: Chien-Pao|Chien-Pao|100/100\n|switch|p2a: Skarmory-Paper-Ben|Skarmory-Paper-Bender, F|100/100\n|-ability|p1a: Chien-Pao|Sword of Ruin\n|turn|1\n|\n|t:|1759511355\n|switch|p1a: Blastoise|Blastoise, F|100/100\n|move|p2a: Skarmory-Paper-Ben|Stealth Rock|p1a: Blastoise\n|-sidestart|p1: skipprthepenguin|move: Stealth Rock\n|\n|upkeep\n|turn|2\n|\n|t:|1759511364\n|switch|p2a: Serperior|Serperior, F|100/100\n|move|p1a: Blastoise|Shell Smash|p1a: Blastoise\n|-unboost|p1a: Blastoise|def|1\n|-unboost|p1a: Blastoise|spd|1\n|-boost|p1a: Blastoise|atk|2\n|-boost|p1a: Blastoise|spa|2\n|-boost|p1a: Blastoise|spe|2\n|-enditem|p1a: Blastoise|White Herb\n|-clearnegativeboost|p1a: Blastoise|[silent]\n|\n|upkeep\n|turn|3\n|\n|t:|1759511370\n|move|p1a: Blastoise|Ice Beam|p2a: Serperior\n|-supereffective|p2a: Serperior\n|-enditem|p2a: Serperior|Focus Sash\n|-damage|p2a: Serperior|1/100\n|move|p2a: Serperior|Glare|p1a: Blastoise\n|-status|p1a: Blastoise|par\n|\n|upkeep\n|turn|4\n|\n|t:|1759511377\n|move|p2a: Serperior|Leaf Storm|p1a: Blastoise\n|-supereffective|p1a: Blastoise\n|-crit|p1a: Blastoise\n|-damage|p1a: Blastoise|0 fnt\n|-boost|p2a: Serperior|spa|2\n|faint|p1a: Blastoise\n|\n|upkeep\n|\n|t:|1759511381\n|switch|p1a: Noivern|Noivern, M|100/100\n|turn|5\n|\n|t:|1759511387\n|move|p1a: Noivern|U-turn|p2a: Serperior\n|-supereffective|p2a: Serperior\n|-damage|p2a: Serperior|0 fnt\n|faint|p2a: Serperior\n|\n|t:|1759511392\n|switch|p1a: Orchestarrot|Orchestarrot, M|100/100|[from] U-turn\n|-damage|p1a: Orchestarrot|88/100|[from] Stealth Rock\n|\n|upkeep\n|\n|t:|1759511399\n|switch|p2a: Urshifu|Urshifu, M|100/100\n|turn|6\n|\n|t:|1759511409\n|-terastallize|p1a: Orchestarrot|Normal\n|move|p2a: Urshifu|U-turn|p1a: Orchestarrot\n|-damage|p1a: Orchestarrot|58/100\n|\n|t:|1759511414\n|switch|p2a: Ceruledge|Ceruledge, M|100/100|[from] U-turn\n|move|p1a: Orchestarrot|Boomburst|p2a: Ceruledge\n|-immune|p2a: Ceruledge\n|\n|upkeep\n|turn|7\n|j|~SparksTheNeo\n|\n|t:|1759511425\n|switch|p1a: Noivern|Noivern, M|100/100\n|-item|p2a: Ceruledge|Ceruledgite|[from] ability: Frisk|[of] p1a: Noivern\n|detailschange|p2a: Ceruledge|Ceruledge-Mega, M\n|-mega|p2a: Ceruledge|Ceruledge|Ceruledgite\n|move|p2a: Ceruledge|Close Combat|p1a: Noivern\n|-resisted|p1a: Noivern\n|-crit|p1a: Noivern\n|-damage|p1a: Noivern|40/100\n|-unboost|p2a: Ceruledge|def|1\n|-unboost|p2a: Ceruledge|spd|1\n|\n|upkeep\n|turn|8\n|\n|t:|1759511442\n|switch|p2a: Celesteela|Celesteela|100/100\n|move|p1a: Noivern|Defog|p2a: Celesteela\n|-unboost|p2a: Celesteela|evasion|1\n|-sideend|p1: skipprthepenguin|Stealth Rock|[from] move: Defog|[of] p1a: Noivern\n|\n|upkeep\n|turn|9\n|\n|t:|1759511454\n|move|p1a: Noivern|U-turn|p2a: Celesteela\n|-resisted|p2a: Celesteela\n|-damage|p2a: Celesteela|99/100\n|\n|t:|1759511473\n|switch|p1a: Orchestarrot|Orchestarrot, M, tera:Normal|58/100|[from] U-turn\n|move|p2a: Celesteela|Heavy Slam|p1a: Orchestarrot\n|-damage|p1a: Orchestarrot|1/100\n|\n|upkeep\n|turn|10\n|\n|t:|1759511479\n|move|p2a: Celesteela|Protect|p2a: Celesteela\n|-singleturn|p2a: Celesteela|Protect\n|move|p1a: Orchestarrot|Heat Wave|p2a: Celesteela\n|-activate|p2a: Celesteela|move: Protect\n|\n|upkeep\n|turn|11\n|\n|t:|1759511488\n|switch|p2a: Ceruledge|Ceruledge-Mega, M|100/100\n|move|p1a: Orchestarrot|Heat Wave|p2a: Ceruledge\n|-resisted|p2a: Ceruledge\n|-damage|p2a: Ceruledge|84/100\n|\n|upkeep\n|turn|12\n|\n|t:|1759511496\n|switch|p1a: Noivern|Noivern, M|40/100\n|-item|p2a: Ceruledge|Ceruledgite|[from] ability: Frisk|[of] p1a: Noivern\n|move|p2a: Ceruledge|Bitter Blade|p1a: Noivern\n|-resisted|p1a: Noivern\n|-damage|p1a: Noivern|9/100\n|-heal|p2a: Ceruledge|100/100|[from] drain|[of] p1a: Noivern\n|\n|upkeep\n|turn|13\n|\n|t:|1759511503\n|move|p1a: Noivern|Hurricane|p2a: Ceruledge\n|-supereffective|p2a: Ceruledge\n|-crit|p2a: Ceruledge\n|-damage|p2a: Ceruledge|0 fnt\n|faint|p2a: Ceruledge\n|detailschange|p2: Ceruledge|Ceruledge, M|[silent]\n|\n|upkeep\n|\n|t:|1759511505\n|switch|p2a: Deoxys|Deoxys-Speed|100/100\n|-ability|p2a: Deoxys|Pressure\n|turn|14\n|\n|t:|1759511511\n|move|p2a: Deoxys|Ice Beam|p1a: Noivern\n|-supereffective|p1a: Noivern\n|-damage|p1a: Noivern|0 fnt\n|faint|p1a: Noivern\n|\n|upkeep\n|\n|t:|1759511523\n|switch|p1a: Orchestarrot|Orchestarrot, M, tera:Normal|1/100\n|turn|15\n|\n|t:|1759511667\n|move|p1a: Orchestarrot|Boomburst|p2a: Deoxys\n|-damage|p2a: Deoxys|0 fnt\n|faint|p2a: Deoxys\n|\n|upkeep\n|\n|t:|1759511670\n|switch|p2a: Celesteela|Celesteela|99/100\n|turn|16\n|\n|t:|1759511679\n|move|p1a: Orchestarrot|Boomburst|p2a: Celesteela\n|-resisted|p2a: Celesteela\n|-damage|p2a: Celesteela|62/100\n|move|p2a: Celesteela|Heavy Slam|p1a: Orchestarrot\n|-damage|p1a: Orchestarrot|0 fnt\n|faint|p1a: Orchestarrot\n|-ability|p2a: Celesteela|Beast Boost|boost\n|-boost|p2a: Celesteela|def|1\n|\n|upkeep\n|\n|t:|1759511685\n|switch|p1a: Iron Valiant|Iron Valiant|100/100\n|turn|17\n|\n|t:|1759511689\n|move|p2a: Celesteela|Protect|p2a: Celesteela\n|-singleturn|p2a: Celesteela|Protect\n|move|p1a: Iron Valiant|Thunderbolt|p2a: Celesteela\n|-activate|p2a: Celesteela|move: Protect\n|\n|upkeep\n|turn|18\n|\n|t:|1759511707\n|move|p1a: Iron Valiant|Thunderbolt|p2a: Celesteela\n|-supereffective|p2a: Celesteela\n|-crit|p2a: Celesteela\n|-damage|p2a: Celesteela|0 fnt\n|faint|p2a: Celesteela\n|\n|upkeep\n|\n|t:|1759511710\n|switch|p2a: Urshifu|Urshifu, M|100/100\n|turn|19\n|\n|t:|1759511728\n|move|p2a: Urshifu|U-turn|p1a: Iron Valiant\n|-resisted|p1a: Iron Valiant\n|-damage|p1a: Iron Valiant|92/100\n|\n|t:|1759511730\n|switch|p2a: Skarmory-Paper-Ben|Skarmory-Paper-Bender, F|100/100|[from] U-turn\n|move|p1a: Iron Valiant|Moonblast|p2a: Skarmory-Paper-Ben\n|-resisted|p2a: Skarmory-Paper-Ben\n|-damage|p2a: Skarmory-Paper-Ben|67/100\n|\n|-heal|p2a: Skarmory-Paper-Ben|73/100|[from] item: Leftovers\n|upkeep\n|turn|20\n|\n|t:|1759511741\n|move|p1a: Iron Valiant|Thunderbolt|p2a: Skarmory-Paper-Ben\n|-damage|p2a: Skarmory-Paper-Ben|32/100\n|move|p2a: Skarmory-Paper-Ben|Roost|p2a: Skarmory-Paper-Ben\n|-heal|p2a: Skarmory-Paper-Ben|82/100\n|-singleturn|p2a: Skarmory-Paper-Ben|move: Roost\n|\n|-heal|p2a: Skarmory-Paper-Ben|88/100|[from] item: Leftovers\n|upkeep\n|turn|21\n|\n|t:|1759511748\n|move|p1a: Iron Valiant|Calm Mind|p1a: Iron Valiant\n|-boost|p1a: Iron Valiant|spa|1\n|-boost|p1a: Iron Valiant|spd|1\n|move|p2a: Skarmory-Paper-Ben|Roost|p2a: Skarmory-Paper-Ben\n|-heal|p2a: Skarmory-Paper-Ben|100/100\n|-singleturn|p2a: Skarmory-Paper-Ben|move: Roost\n|\n|upkeep\n|turn|22\n|\n|t:|1759511755\n|switch|p2a: Urshifu|Urshifu, M|100/100\n|move|p1a: Iron Valiant|Thunderbolt|p2a: Urshifu\n|-damage|p2a: Urshifu|34/100\n|\n|upkeep\n|turn|23\n|\n|t:|1759511760\n|move|p2a: Urshifu|Poison Jab|p1a: Iron Valiant\n|-supereffective|p1a: Iron Valiant\n|-damage|p1a: Iron Valiant|27/100\n|move|p1a: Iron Valiant|Thunderbolt|p2a: Urshifu\n|-damage|p2a: Urshifu|0 fnt\n|faint|p2a: Urshifu\n|\n|upkeep\n|c|☆itoshiflwr|gg\n|c|☆skipprthepenguin|gg\n|c|☆itoshiflwr|i calced wrong somehow\n|-message|itoshiflwr forfeited.\n|\n|win|skipprthepenguin\n","players":["skipprthepenguin","itoshiflwr"],"format":"[Gen 9] NatDex Draft","rating":null,"private":0,"password":null,"inputlog":">version 2521d38b27f80d1c68b15942009d55f3b2bb8613\n>start {\"formatid\":\"gen9natdexdraft@@@Tera Type Preview\",\"seed\":\"sodium,946f2674d4d1f71bfd3d24e82c2484a6\"}\n>player p1 {\"name\":\"skipprthepenguin\",\"avatar\":\"265\",\"team\":\"Chien-Pao||FocusSash|SwordofRuin|IceSpinner,Crunch,PsychicFangs,IceShard|Adamant|48,252,,,,208|N||||,,,,,Dark]Iron Valiant||ExpertBelt|QuarkDrive|Moonblast,Psyshock,Thunderbolt,CalmMind|Timid|24,,,252,,232|N|,0,,,,|||,,,,,Fairy]Noivern||HeavyDutyBoots|Frisk|DracoMeteor,Hurricane,Uturn,Defog|Timid|252,,80,,,176|M||||,,,,,Flying]Paleogeist||Leftovers|SheerWillpower|PhantomForce,RockWrecker,GigaImpact,SlackOff|Adamant|244,252,12,,,|M||||,,,,,Flying]Orchestarrot||ChoiceScarf|Soundproof|Boomburst,Psychic,HeatWave,Uturn|Modest|48,,,252,,208|M||||,,,,,Normal]Blastoise||WhiteHerb|Torrent|ShellSmash,Surf,IceBeam,FlashCannon|Modest|12,,,252,,244|F|,0,,,,|||,,,,,Water\",\"rating\":0}\n>player p2 {\"name\":\"itoshiflwr\",\"avatar\":\"lillie\",\"team\":\"Deoxys|DeoxysSpeed|HeavyDutyBoots|Pressure|PsychoBoost,IceBeam,Substitute,Superpower|Modest|,,132,252,,124|N||||,,,,,Psychic]Skarmory-Paper-Ben|SkarmoryPaperBender|Leftovers|Sturdy|BodyPress,Roost,StealthRock,Defog|Bold|252,,252,,4,|F|,0,,,,|||,,,,,Fairy]Urshifu||ChoiceScarf|UnseenFist|WickedBlow,CloseCombat,PoisonJab,Uturn|Jolly|,252,,,4,252|M||||,,,,,Dark]Celesteela||SteeliumZ|BeastBoost|Flamethrower,LeechSeed,Protect,HeavySlam|Relaxed|252,4,252,,,|N||||,,,,,Steel]Serperior||FocusSash|Contrary|Glare,HiddenPowerFire,LeafStorm,TeraBlast|Timid|,,,252,4,252|F||||,Fire,,,,Stellar]Ceruledge||Ceruledgite|FlashFire|SwordsDance,DestinyBond,BitterBlade,CloseCombat|Adamant|,252,,,4,252|M||||,,,,,Fire\",\"rating\":0}\n>p1 team 1, 2, 3, 4, 5, 6\n>p2 team 2, 1, 3, 4, 5, 6\n>p1 switch 6\n>p2 move stealthrock\n>p1 move shellsmash\n>p2 switch 5\n>p1 move icebeam\n>p2 move glare\n>p1 move icebeam\n>p2 move leafstorm\n>p1 switch 3\n>p1 move uturn\n>p2 move glare\n>p1 switch 5\n>p2 switch 3\n>p1 move boomburst terastallize\n>p2 move uturn\n>p2 switch 6\n>p1 switch 5\n>p2 move closecombat mega\n>p1 move defog\n>p2 switch 4\n>p1 move uturn\n>p2 move heavyslam\n>p1 switch 5\n>p1 move heatwave\n>p2 move protect\n>p1 move heatwave\n>p2 switch 4\n>p1 switch 5\n>p2 move bitterblade\n>p1 move hurricane\n>p2 move bitterblade\n>p2 switch 2\n>p1 move uturn\n>p2 move icebeam\n>p1 switch 5\n>p1 move boomburst\n>p2 move icebeam\n>p2 switch 4\n>p1 move boomburst\n>p2 move heavyslam\n>p1 switch 2\n>p1 move thunderbolt\n>p2 move protect\n>p1 move thunderbolt\n>p2 move heavyslam\n>p2 switch 6\n>p1 move moonblast\n>p2 move uturn\n>p2 switch 5\n>p1 move thunderbolt\n>p2 move roost\n>p1 move calmmind\n>p2 move roost\n>p1 move thunderbolt\n>p2 switch 5\n>p1 move thunderbolt\n>p2 move poisonjab\n>chat ☆itoshiflwr|gg\n>chat ☆skipprthepenguin|gg\n>chat ☆itoshiflwr|i calced wrong somehow\n>forcelose p2","uploadtime":1759511783}