{"id":"gen9natdexdraft-200","log":"|j|☆NottaDoc\n|j|☆staygexxed\n|t:|1762033592\n|gametype|singles\n|player|p1|NottaDoc|2|\n|player|p2|staygexxed|102|\n|gen|9\n|tier|[Gen 9] NatDex Draft\n|rule|Tera Type Preview: Tera Types are shown at Team Preview\n|rule|Sleep Clause Mod: Limit one foe put to sleep\n|rule|OHKO Clause: OHKO moves are banned\n|rule|Evasion Clause: Evasion abilities, items, and moves are banned\n|rule|Evasion Abilities Clause: Evasion abilities are banned\n|rule|Evasion Items Clause: Evasion items are banned\n|rule|Evasion Moves Clause: Evasion moves are banned\n|rule|Endless Battle Clause: Forcing endless battles is banned\n|rule|HP Percentage Mod: HP is shown in percentages\n|raw|<div class=\"infobox\"><details class=\"readmore\" open><summary><strong>1 custom rule:</strong></summary> Tera Type Preview</details></div>\n|clearpoke\n|poke|p1|Gyarados, M|\n|poke|p1|Iron Drill, M|\n|poke|p1|Tapu Koko|\n|poke|p1|Greninja-*, M|\n|poke|p1|Ledigod, M|\n|poke|p1|Landorus-Therian, M|\n|poke|p2|Gardevoir-Hell, M|\n|poke|p2|Beheeyem, M|\n|poke|p2|Ho-Ho, F|\n|poke|p2|Iron Spore, F|\n|poke|p2|Dudunsparce-*, M|\n|poke|p2|Kyurem|\n|raw|NottaDoc's Tera Types:<br /><psicon pokemon=\"gyarados\" /><psicon type=\"Water\" /> / <psicon pokemon=\"irondrill\" /><psicon type=\"Grass\" /> / <psicon pokemon=\"tapukoko\" /><psicon type=\"Electric\" /> / <psicon pokemon=\"greninja\" /><psicon type=\"Water\" /> / <psicon pokemon=\"ledigod\" /><psicon type=\"Flying\" /> / <psicon pokemon=\"landorustherian\" /><psicon type=\"Ground\" />\n|raw|staygexxed's Tera Types:<br /><psicon pokemon=\"gardevoirhell\" /><psicon type=\"Fairy\" /> / <psicon pokemon=\"beheeyem\" /><psicon type=\"Psychic\" /> / <psicon pokemon=\"hoho\" /><psicon type=\"Fairy\" /> / <psicon pokemon=\"ironspore\" /><psicon type=\"Grass\" /> / <psicon pokemon=\"dudunsparce\" /><psicon type=\"Normal\" /> / <psicon pokemon=\"kyurem\" /><psicon type=\"Dragon\" />\n|teampreview\n|c|☆staygexxed|He's my goat not yours \n|\n|t:|1762033653\n|teamsize|p1|6\n|teamsize|p2|6\n|start\n|switch|p1a: Landorus|Landorus-Therian, M|100/100\n|switch|p2a: Gardevoir-Hell|Gardevoir-Hell, M|100/100\n|-ability|p1a: Landorus|Intimidate|boost\n|-unboost|p2a: Gardevoir-Hell|atk|1\n|-ability|p2a: Gardevoir-Hell|Petrifying Gaze|boost\n|-unboost|p1a: Landorus|spe|1\n|turn|1\n|c|☆staygexxed|Im gonna lose 50% of my health bar\n|c|☆staygexxed|If i click that move\n|\n|t:|1762033719\n|move|p1a: Landorus|U-turn|p2a: Gardevoir-Hell\n|-resisted|p2a: Gardevoir-Hell\n|-damage|p2a: Gardevoir-Hell|79/100\n|\n|t:|1762033724\n|switch|p1a: Iron Drill|Iron Drill, M|100/100|[from] U-turn\n|move|p2a: Gardevoir-Hell|Light of Ruin|p1a: Iron Drill\n|-resisted|p1a: Iron Drill\n|-damage|p1a: Iron Drill|10/100\n|-damage|p2a: Gardevoir-Hell|39/100|[from] Recoil\n|\n|upkeep\n|turn|2\n|c|☆staygexxed|My hooh is pressure i may be stupid\n|\n|t:|1762033767\n|switch|p2a: Iron Spore|Iron Spore, F|100/100\n|move|p1a: Iron Drill|Ice Punch|p2a: Iron Spore\n|-supereffective|p2a: Iron Spore\n|-damage|p2a: Iron Spore|4/100\n|\n|upkeep\n|turn|3\n|\n|t:|1762033783\n|-end|p1a: Iron Drill|Quark Drive|[silent]\n|switch|p1a: Landorus|Landorus-Therian, M|100/100\n|-ability|p1a: Landorus|Intimidate|boost\n|-unboost|p2a: Iron Spore|atk|1\n|move|p2a: Iron Spore|Strength Sap|p1a: Landorus\n|-unboost|p1a: Landorus|atk|1\n|-heal|p2a: Iron Spore|100/100\n|\n|upkeep\n|turn|4\n|\n|t:|1762033794\n|move|p1a: Landorus|Stealth Rock|p2a: Iron Spore\n|-sidestart|p2: staygexxed|move: Stealth Rock\n|move|p2a: Iron Spore|Reflect|p2a: Iron Spore\n|-sidestart|p2: staygexxed|Reflect\n|\n|upkeep\n|turn|5\n|\n|t:|1762033807\n|switch|p1a: Tapu Koko|Tapu Koko|100/100\n|-fieldstart|move: Electric Terrain|[from] ability: Electric Surge|[of] p1a: Tapu Koko\n|-activate|p2a: Iron Spore|ability: Quark Drive\n|-start|p2a: Iron Spore|quarkdrivespe\n|move|p2a: Iron Spore|Light Screen|p2a: Iron Spore\n|-sidestart|p2: staygexxed|move: Light Screen\n|\n|upkeep\n|turn|6\n|c|☆staygexxed|But i want to\n|\n|t:|1762033819\n|move|p2a: Iron Spore|Volt Switch|p1a: Tapu Koko\n|-resisted|p1a: Tapu Koko\n|-damage|p1a: Tapu Koko|80/100\n|\n|t:|1762033830\n|-end|p2a: Iron Spore|Quark Drive|[silent]\n|switch|p2a: Gardevoir-Hell|Gardevoir-Hell, M|39/100|[from] Volt Switch\n|-damage|p2a: Gardevoir-Hell|33/100|[from] Stealth Rock\n|-ability|p2a: Gardevoir-Hell|Petrifying Gaze|boost\n|-unboost|p1a: Tapu Koko|spe|1\n|move|p1a: Tapu Koko|Light Screen|p1a: Tapu Koko\n|-sidestart|p1: NottaDoc|move: Light Screen\n|\n|upkeep\n|turn|7\n|c|☆staygexxed|Light of ruin might kill lando still scary\n|\n|t:|1762033885\n|move|p2a: Gardevoir-Hell|Moonblast|p1a: Tapu Koko\n|-damage|p1a: Tapu Koko|35/100\n|move|p1a: Tapu Koko|Reflect|p1a: Tapu Koko\n|-sidestart|p1: NottaDoc|Reflect\n|\n|upkeep\n|turn|8\n|c|☆staygexxed|No not particularly\n|\n|t:|1762033943\n|switch|p2a: Beheeyem|Beheeyem, M|100/100\n|-damage|p2a: Beheeyem|88/100|[from] Stealth Rock\n|switch|p1a: Landorus|Landorus-Therian, M|100/100\n|-ability|p1a: Landorus|Intimidate|boost\n|-unboost|p2a: Beheeyem|atk|1\n|\n|upkeep\n|turn|9\n|\n|t:|1762033963\n|move|p1a: Landorus|Earthquake|p2a: Beheeyem\n|-damage|p2a: Beheeyem|56/100\n|move|p2a: Beheeyem|Barrier|p2a: Beheeyem\n|-boost|p2a: Beheeyem|def|2\n|\n|-fieldend|move: Electric Terrain\n|upkeep\n|turn|10\n|\n|t:|1762033991\n|switch|p1a: Gyarados|Gyarados, M|100/100\n|-ability|p1a: Gyarados|Intimidate|boost\n|-unboost|p2a: Beheeyem|atk|1\n|move|p2a: Beheeyem|Recover|p2a: Beheeyem\n|-heal|p2a: Beheeyem|100/100\n|\n|upkeep\n|turn|11\n|\n|t:|1762034003\n|detailschange|p1a: Gyarados|Gyarados-Mega-Y, M\n|-mega|p1a: Gyarados|Gyarados|Gyaradosite Y\n|detailschange|p2a: Beheeyem|Beheeyem-Mega, M\n|-mega|p2a: Beheeyem|Beheeyem|Beheeyemite\n|move|p1a: Gyarados|Blizzard|p2a: Beheeyem\n|-resisted|p2a: Beheeyem\n|-crit|p2a: Beheeyem\n|-damage|p2a: Beheeyem|83/100\n|move|p2a: Beheeyem|Calm Mind|p2a: Beheeyem\n|-boost|p2a: Beheeyem|spa|1\n|-boost|p2a: Beheeyem|spd|1\n|\n|-sideend|p2: staygexxed|Reflect\n|upkeep\n|turn|12\n|\n|t:|1762034017\n|move|p2a: Beheeyem|Barrier|p2a: Beheeyem\n|-boost|p2a: Beheeyem|def|2\n|move|p1a: Gyarados|Dragon Tail|p2a: Beheeyem\n|-resisted|p2a: Beheeyem\n|-damage|p2a: Beheeyem|81/100\n|drag|p2a: Iron Spore|Iron Spore, F|100/100\n|-damage|p2a: Iron Spore|88/100|[from] Stealth Rock\n|\n|-sideend|p2: staygexxed|move: Light Screen\n|upkeep\n|turn|13\n|\n|t:|1762034038\n|move|p2a: Iron Spore|Light Screen|p2a: Iron Spore\n|-sidestart|p2: staygexxed|move: Light Screen\n|move|p1a: Gyarados|Blizzard|p2a: Iron Spore\n|-supereffective|p2a: Iron Spore\n|-damage|p2a: Iron Spore|47/100\n|\n|-sideend|p1: NottaDoc|move: Light Screen\n|upkeep\n|turn|14\n|\n|t:|1762034081\n|move|p2a: Iron Spore|Volt Switch|p1a: Gyarados\n|-damage|p1a: Gyarados|78/100\n|\n|t:|1762034092\n|-end|p2a: Iron Spore|Quark Drive|[silent]\n|switch|p2a: Dudunsparce|Dudunsparce, M|100/100|[from] Volt Switch\n|-damage|p2a: Dudunsparce|88/100|[from] Stealth Rock\n|move|p1a: Gyarados|Blizzard|p2a: Dudunsparce\n|-damage|p2a: Dudunsparce|74/100\n|\n|-sideend|p1: NottaDoc|Reflect\n|upkeep\n|turn|15\n|\n|t:|1762034101\n|move|p1a: Gyarados|Zap Cannon|p2a: Dudunsparce\n|-damage|p2a: Dudunsparce|60/100\n|move|p2a: Dudunsparce|Body Slam|p1a: Gyarados\n|-damage|p1a: Gyarados|59/100\n|-status|p1a: Gyarados|par\n|\n|upkeep\n|turn|16\n|\n|t:|1762034135\n|switch|p1a: Landorus|Landorus-Therian, M|100/100\n|-ability|p1a: Landorus|Intimidate|boost\n|-unboost|p2a: Dudunsparce|atk|1\n|move|p2a: Dudunsparce|Roost|p2a: Dudunsparce\n|-heal|p2a: Dudunsparce|100/100\n|-singleturn|p2a: Dudunsparce|move: Roost\n|\n|upkeep\n|turn|17\n|\n|t:|1762034165\n|move|p1a: Landorus|Earthquake|p2a: Dudunsparce\n|-damage|p2a: Dudunsparce|50/100\n|move|p2a: Dudunsparce|Body Slam|p1a: Landorus\n|-damage|p1a: Landorus|80/100\n|\n|upkeep\n|turn|18\n|\n|t:|1762034174\n|switch|p2a: Ho-Ho|Ho-Ho, F|100/100\n|-damage|p2a: Ho-Ho|51/100|[from] Stealth Rock\n|-ability|p2a: Ho-Ho|Pressure\n|move|p1a: Landorus|Earthquake|p2a: Ho-Ho\n|-immune|p2a: Ho-Ho\n|\n|upkeep\n|turn|19\n|\n|t:|1762034208\n|switch|p1a: Gyarados|Gyarados-Mega-Y, M|59/100 par\n|move|p2a: Ho-Ho|Roost|p2a: Ho-Ho\n|-heal|p2a: Ho-Ho|100/100\n|-singleturn|p2a: Ho-Ho|move: Roost\n|\n|upkeep\n|turn|20\n|\n|t:|1762034224\n|-terastallize|p2a: Ho-Ho|Fairy\n|move|p2a: Ho-Ho|Brave Bird|p1a: Gyarados\n|-damage|p1a: Gyarados|29/100 par\n|-damage|p2a: Ho-Ho|90/100|[from] Recoil\n|move|p1a: Gyarados|Dragon Tail|p2a: Ho-Ho\n|-immune|p2a: Ho-Ho\n|\n|-sideend|p2: staygexxed|move: Light Screen\n|upkeep\n|turn|21\n|\n|t:|1762034233\n|move|p2a: Ho-Ho|Brave Bird|p1a: Gyarados\n|-damage|p1a: Gyarados|1/100 par\n|-damage|p2a: Ho-Ho|80/100|[from] Recoil\n|move|p1a: Gyarados|Zap Cannon|p2a: Ho-Ho\n|-damage|p2a: Ho-Ho|47/100\n|-status|p2a: Ho-Ho|par\n|\n|upkeep\n|turn|22\n|\n|t:|1762034245\n|move|p1a: Gyarados|Zap Cannon|p2a: Ho-Ho\n|-damage|p2a: Ho-Ho|16/100 par\n|move|p2a: Ho-Ho|Defog|p1a: Gyarados\n|-unboost|p1a: Gyarados|evasion|1\n|-sideend|p2: staygexxed|Stealth Rock|[from] move: Defog|[of] p2a: Ho-Ho\n|\n|upkeep\n|turn|23\n|\n|t:|1762034256\n|move|p1a: Gyarados|Blizzard|p2a: Ho-Ho\n|-damage|p2a: Ho-Ho|0 fnt\n|faint|p2a: Ho-Ho\n|\n|upkeep\n|\n|t:|1762034259\n|switch|p2a: Iron Spore|Iron Spore, F|47/100\n|turn|24\n|\n|t:|1762034265\n|move|p2a: Iron Spore|Reflect|p2a: Iron Spore\n|-sidestart|p2: staygexxed|Reflect\n|move|p1a: Gyarados|Blizzard|p2a: Iron Spore\n|-supereffective|p2a: Iron Spore\n|-damage|p2a: Iron Spore|0 fnt\n|faint|p2a: Iron Spore\n|-end|p2a: Iron Spore|Quark Drive|[silent]\n|\n|upkeep\n|\n|t:|1762034267\n|switch|p2a: Beheeyem|Beheeyem-Mega, M|81/100\n|turn|25\n|\n|t:|1762034275\n|move|p1a: Gyarados|Zap Cannon|p2a: Beheeyem\n|-crit|p2a: Beheeyem\n|-damage|p2a: Beheeyem|42/100\n|-status|p2a: Beheeyem|par\n|-ability|p2a: Beheeyem|DNA Tracing\n|move|p2a: Beheeyem|Reflect Type|p1a: Gyarados|[from] ability: DNA Tracing\n|-start|p2a: Beheeyem|typechange|[from] move: Reflect Type|[of] p1a: Gyarados\n|move|p2a: Beheeyem|Synchronoise|p1a: Gyarados\n|-damage|p1a: Gyarados|0 fnt\n|faint|p1a: Gyarados\n|detailschange|p1: Gyarados|Gyarados, M|[silent]\n|\n|-ability|p2a: Beheeyem|DNA Tracing\n|-message|Beheeyem's DNA Tracing reverted its type!\n|upkeep\n|c|☆staygexxed|Cuz sparkz succs\n|c|☆staygexxed|I also should not have let you zap cannon my wincon oop\n|c|☆staygexxed|20 base speed\n|c|☆staygexxed|Yeah fun fact i think lando kills every remaining mon i own\n|c|☆staygexxed|With eq\n|\n|t:|1762034438\n|switch|p1a: Landorus|Landorus-Therian, M|80/100\n|-ability|p1a: Landorus|Intimidate|boost\n|-unboost|p2a: Beheeyem|atk|1\n|turn|26\n|c|☆staygexxed|The spore is at 50% beheyeem id a steel type\n|c|☆staygexxed|Dunsparce is beloe half\n|c|☆staygexxed|Well at 50%\n|c|☆staygexxed|Oh ig it doesnt kill kyurem \n|c|☆staygexxed|W\n|\n|t:|1762034478\n|move|p1a: Landorus|Earthquake|p2a: Beheeyem\n|-supereffective|p2a: Beheeyem\n|-damage|p2a: Beheeyem|0 fnt\n|faint|p2a: Beheeyem\n|detailschange|p2: Beheeyem|Beheeyem, M|[silent]\n|\n|upkeep\n|c|☆staygexxed|Gard has negative defense safly\n|\n|t:|1762034498\n|switch|p2a: Kyurem|Kyurem|100/100\n|-ability|p2a: Kyurem|Pressure\n|turn|27\n|\n|t:|1762034517\n|switch|p1a: Tapu Koko|Tapu Koko|35/100\n|-fieldstart|move: Electric Terrain|[from] ability: Electric Surge|[of] p1a: Tapu Koko\n|move|p2a: Kyurem|Ice Beam|p1a: Tapu Koko\n|-crit|p1a: Tapu Koko\n|-damage|p1a: Tapu Koko|0 fnt\n|faint|p1a: Tapu Koko\n|\n|upkeep\n|c|☆staygexxed|Go kyurem hueha attack\n|c|☆staygexxed|It matteted\n|c|☆staygexxed|For sure\n|c|☆staygexxed|Ngl when i said that i thought kyurem was dead already\n|c|☆staygexxed|Kyurem didnt hit field till just now\n|c|☆staygexxed|You will never know dunsparces item it truly a mystery\n|\n|t:|1762034645\n|switch|p1a: Greninja|Greninja, M|100/100\n|turn|28\n|c|☆staygexxed|(Ik im just making a joke cuz i didnt get zap cannon parad)\n|\n|t:|1762034664\n|move|p2a: Kyurem|Ice Beam|p1a: Greninja\n|-resisted|p1a: Greninja\n|-damage|p1a: Greninja|60/100\n|move|p1a: Greninja|Ice Beam|p2a: Kyurem\n|-start|p1a: Greninja|typechange|Ice|[from] ability: Protean\n|-damage|p2a: Kyurem|50/100\n|-damage|p1a: Greninja|51/100|[from] item: Life Orb\n|\n|upkeep\n|turn|29\n|\n|t:|1762034688\n|move|p2a: Kyurem|Ice Beam|p1a: Greninja\n|-resisted|p1a: Greninja\n|-damage|p1a: Greninja|8/100\n|move|p1a: Greninja|Ice Beam|p2a: Kyurem\n|-damage|p2a: Kyurem|2/100\n|-damage|p1a: Greninja|0 fnt|[from] item: Life Orb\n|faint|p1a: Greninja\n|\n|upkeep\n|c|☆staygexxed|I kinda wanted him to die\n|c|☆staygexxed|Dog i will freeze that ledian\n|\n|t:|1762034776\n|switch|p1a: Ledigod|Ledigod, M|100/100\n|turn|30\n|c|☆staygexxed|Easiest freeze\n|\n|t:|1762034798\n|move|p2a: Kyurem|Ice Beam|p1a: Ledigod\n|-damage|p1a: Ledigod|52/100\n|move|p1a: Ledigod|Victory Dance|p1a: Ledigod\n|-boost|p1a: Ledigod|atk|1\n|-boost|p1a: Ledigod|def|1\n|-boost|p1a: Ledigod|spe|1\n|\n|upkeep\n|turn|31\n|\n|t:|1762034808\n|switch|p2a: Gardevoir-Hell|Gardevoir-Hell, M|33/100\n|-ability|p2a: Gardevoir-Hell|Petrifying Gaze|boost\n|-unboost|p1a: Ledigod|spe|1\n|move|p1a: Ledigod|Roost|p1a: Ledigod\n|-heal|p1a: Ledigod|100/100\n|-singleturn|p1a: Ledigod|move: Roost\n|\n|-sideend|p2: staygexxed|Reflect\n|-fieldend|move: Electric Terrain\n|upkeep\n|turn|32\n|\n|t:|1762034830\n|switch|p1a: Iron Drill|Iron Drill, M|10/100\n|move|p2a: Gardevoir-Hell|Moonblast|p1a: Iron Drill\n|-resisted|p1a: Iron Drill\n|-damage|p1a: Iron Drill|0 fnt\n|faint|p1a: Iron Drill\n|-end|p1a: Iron Drill|Quark Drive|[silent]\n|\n|upkeep\n|\n|t:|1762034835\n|switch|p1a: Ledigod|Ledigod, M|100/100\n|turn|33\n|\n|t:|1762034841\n|-terastallize|p1a: Ledigod|Flying\n|move|p2a: Gardevoir-Hell|Moonblast|p1a: Ledigod\n|-damage|p1a: Ledigod|29/100\n|-enditem|p1a: Ledigod|Sitrus Berry|[eat]\n|-heal|p1a: Ledigod|53/100|[from] item: Sitrus Berry\n|move|p1a: Ledigod|Victory Dance|p1a: Ledigod\n|-boost|p1a: Ledigod|atk|1\n|-boost|p1a: Ledigod|def|1\n|-boost|p1a: Ledigod|spe|1\n|\n|upkeep\n|turn|34\n|\n|t:|1762034851\n|switch|p2a: Kyurem|Kyurem|2/100\n|-ability|p2a: Kyurem|Pressure\n|move|p1a: Ledigod|Drain Punch|p2a: Kyurem\n|-supereffective|p2a: Kyurem\n|-damage|p2a: Kyurem|0 fnt\n|-heal|p1a: Ledigod|54/100|[from] drain|[of] p2a: Kyurem\n|faint|p2a: Kyurem\n|\n|upkeep\n|\n|t:|1762034853\n|switch|p2a: Gardevoir-Hell|Gardevoir-Hell, M|33/100\n|-ability|p2a: Gardevoir-Hell|Petrifying Gaze|boost\n|-unboost|p1a: Ledigod|spe|1\n|turn|35\n|\n|t:|1762034863\n|move|p2a: Gardevoir-Hell|Moonblast|p1a: Ledigod\n|-damage|p1a: Ledigod|0 fnt\n|faint|p1a: Ledigod\n|\n|upkeep\n|\n|t:|1762034865\n|switch|p1a: Landorus|Landorus-Therian, M|80/100\n|-ability|p1a: Landorus|Intimidate|boost\n|-unboost|p2a: Gardevoir-Hell|atk|1\n|turn|36\n|\n|t:|1762034869\n|move|p1a: Landorus|Earthquake|p2a: Gardevoir-Hell\n|-damage|p2a: Gardevoir-Hell|0 fnt\n|faint|p2a: Gardevoir-Hell\n|\n|upkeep\n|\n|t:|1762034871\n|switch|p2a: Dudunsparce|Dudunsparce, M|50/100\n|turn|37\n|\n|t:|1762034873\n|move|p1a: Landorus|Earthquake|p2a: Dudunsparce\n|-damage|p2a: Dudunsparce|0 fnt\n|faint|p2a: Dudunsparce\n|\n|win|NottaDoc\n|l|☆staygexxed\n|player|p2|\n","players":["NottaDoc","staygexxed"],"format":"[Gen 9] NatDex Draft","rating":null,"private":0,"password":null,"inputlog":">version 2352b00944e7462b49311a255b814d2e23110915\n>start {\"formatid\":\"gen9natdexdraft@@@Tera Type Preview\",\"seed\":\"sodium,c690932a6e86e6cdcb275006e368d90d\"}\n>player p1 {\"name\":\"NottaDoc\",\"avatar\":\"2\",\"team\":\"Gyarados||GyaradositeY|Intimidate|ZapCannon,Blizzard,FireBlast,DragonTail|Modest|252,,,252,,4|M||||,,,,,Water]Iron Drill||ChoiceBand|QuarkDrive|IronHead,HornLeech,IcePunch,VoltSwitch|Jolly|,252,,,4,252|M||||,,,,,Grass]Tapu Koko||LightClay|ElectricSurge|LightScreen,Reflect,NaturesMadness,VoltSwitch|Serious|252,,,48,,208|N|,0,,,,|||,,,,,Electric]Greninja||LifeOrb|Protean|IceBeam,DarkPulse,ToxicSpikes,Uturn|Timid|,,,252,,252|M||||,,,,,Water]Ledigod||SitrusBerry|IronFist|Acrobatics,DrainPunch,VictoryDance,Roost|Adamant|252,60,,,,196|M||||,,,,,Flying]Landorus|LandorusTherian|ChoiceScarf|Intimidate|Earthquake,StealthRock,StoneEdge,Uturn|Jolly|48,252,,,,208|M||||,,,,,Ground\",\"rating\":0}\n>player p2 {\"name\":\"staygexxed\",\"avatar\":\"102\",\"team\":\"Gardevoir-Hell||ChoiceSpecs|PetrifyingGaze|LightofRuin,EarthPower,MysticalFire,Moonblast|Timid|80,,,252,,176|M|,0,,,,|||,,,,,Fairy]Beheeyem||Beheeyemite|Synchronize|Synchronoise,CalmMind,Barrier,Recover|Sassy|248,,96,,164,|M|,0,,,,|||,,,,,Psychic]Ho-Ho||BabiriBerry|Pressure|SacredFire,BraveBird,Defog,Roost|Relaxed|248,,252,,8,|F||||,,,,,Fairy]Iron Spore||LightClay|QuarkDrive|VoltSwitch,Reflect,LightScreen,StrengthSap|Timid|248,,,16,,244|F|,0,,,,|||,,,,,Grass]Dudunsparce||CovertCloak|SereneGrace|BodySlam,Flamethrower,DragonTail,Roost|Sassy|248,,16,,244,|M||||,,,,,Normal]Kyurem||ChoiceScarf|Pressure|DracoMeteor,FreezeDry,EarthPower,IceBeam|Modest|104,,,252,,152|N|,0,,,,|||,,,,,Dragon\",\"rating\":0}\n>chat ☆staygexxed|He's my goat not yours \n>p1 team 6, 2, 3, 4, 5, 1\n>p2 team 1, 2, 3, 4, 5, 6\n>chat ☆staygexxed|Im gonna lose 50% of my health bar\n>chat ☆staygexxed|If i click that move\n>p1 move uturn\n>p2 move lightofruin\n>p1 switch 2\n>chat ☆staygexxed|My hooh is pressure i may be stupid\n>p1 move icepunch\n>p2 switch 4\n>p1 switch 2\n>p2 move strengthsap\n>p1 move stealthrock\n>p2 move reflect\n>p1 switch 3\n>p2 move lightscreen\n>chat ☆staygexxed|But i want to\n>p1 move lightscreen\n>p2 move voltswitch\n>p2 switch 4\n>chat ☆staygexxed|Light of ruin might kill lando still scary\n>p1 move reflect\n>p2 move moonblast\n>chat ☆staygexxed|No not particularly\n>p1 switch 3\n>p2 switch 2\n>p1 move earthquake\n>p2 move barrier\n>p1 switch 6\n>p2 move recover\n>p1 move blizzard mega\n>p2 move calmmind mega\n>p1 move dragontail\n>p2 move barrier\n>p1 move blizzard\n>p2 move lightscreen\n>p1 move blizzard\n>p2 move voltswitch\n>p2 switch 5\n>p1 move zapcannon\n>p2 move bodyslam\n>p1 switch 6\n>p2 move roost\n>p1 move earthquake\n>p2 move bodyslam\n>p1 move earthquake\n>p2 switch 3\n>p1 switch 6\n>p2 move roost\n>p1 move dragontail\n>p2 move bravebird terastallize\n>p1 move zapcannon\n>p2 move bravebird\n>p1 move zapcannon\n>p2 move defog\n>p1 move blizzard\n>p2 move roost\n>p2 switch 5\n>p1 move blizzard\n>p2 move reflect\n>p2 switch 4\n>p1 move zapcannon\n>p2 move synchronoise\n>chat ☆staygexxed|Cuz sparkz succs\n>chat ☆staygexxed|I also should not have let you zap cannon my wincon oop\n>chat ☆staygexxed|20 base speed\n>chat ☆staygexxed|Yeah fun fact i think lando kills every remaining mon i own\n>chat ☆staygexxed|With eq\n>p1 switch 6\n>chat ☆staygexxed|The spore is at 50% beheyeem id a steel type\n>chat ☆staygexxed|Dunsparce is beloe half\n>chat ☆staygexxed|Well at 50%\n>chat ☆staygexxed|Oh ig it doesnt kill kyurem \n>chat ☆staygexxed|W\n>p1 move earthquake\n>p2 move recover\n>chat ☆staygexxed|Gard has negative defense safly\n>p2 switch 6\n>p1 switch 3\n>p2 move icebeam\n>chat ☆staygexxed|Go kyurem hueha attack\n>chat ☆staygexxed|It matteted\n>chat ☆staygexxed|For sure\n>chat ☆staygexxed|Ngl when i said that i thought kyurem was dead already\n>chat ☆staygexxed|Kyurem didnt hit field till just now\n>chat ☆staygexxed|You will never know dunsparces item it truly a mystery\n>p1 switch 4\n>chat ☆staygexxed|(Ik im just making a joke cuz i didnt get zap cannon parad)\n>p1 move icebeam\n>p2 move icebeam\n>p1 move icebeam\n>p2 move icebeam\n>chat ☆staygexxed|I kinda wanted him to die\n>chat ☆staygexxed|Dog i will freeze that ledian\n>p1 switch 5\n>chat ☆staygexxed|Easiest freeze\n>p1 move victorydance\n>p2 move icebeam\n>p1 move roost\n>p2 switch 2\n>p1 switch 2\n>p2 move moonblast\n>p1 switch 2\n>p1 move victorydance terastallize\n>p2 move moonblast\n>p1 move drainpunch\n>p2 switch 2\n>p2 switch 2\n>p1 move drainpunch\n>p2 move moonblast\n>p1 switch 3\n>p1 move earthquake\n>p2 move moonblast\n>p2 switch 3\n>p1 move earthquake\n>p2 move roost","uploadtime":1762035579}