{"id":"gen9natdexdraft-509","log":"|j|☆MayFortune\n|j|☆Riptide2604\n|t:|1768631491\n|gametype|singles\n|player|p1|MayFortune|steven-masters|\n|player|p2|Riptide2604|1|\n|gen|9\n|tier|[Gen 9] NatDex Draft\n|rule|Sleep Clause Mod: Limit one foe put to sleep\n|rule|OHKO Clause: OHKO moves are banned\n|rule|Evasion Clause: Evasion abilities, items, and moves are banned\n|rule|Evasion Abilities Clause: Evasion abilities are banned\n|rule|Evasion Items Clause: Evasion items are banned\n|rule|Evasion Moves Clause: Evasion moves are banned\n|rule|Endless Battle Clause: Forcing endless battles is banned\n|rule|HP Percentage Mod: HP is shown in percentages\n|clearpoke\n|poke|p1|Mandibuzz, F|\n|poke|p1|Gastrodon, M|\n|poke|p1|Gholdengo|\n|poke|p1|Latios, M|\n|poke|p1|Entei|\n|poke|p1|Lopunny, M|\n|poke|p2|Clodsire, F|\n|poke|p2|Dusclops, M|\n|poke|p2|Urshifu-*, F|\n|poke|p2|Enamorus, F|\n|poke|p2|Skarmory, M|\n|poke|p2|Palafin, M|\n|teampreview\n|c|☆Riptide2604|glhf\n|c|☆MayFortune|hf \n|\n|t:|1768631551\n|teamsize|p1|6\n|teamsize|p2|6\n|start\n|switch|p1a: Latios|Latios, M|100/100\n|switch|p2a: Dominion|Urshifu, F|100/100\n|turn|1\n|\n|t:|1768631560\n|switch|p2a: Endowment|Clodsire, F|100/100\n|switch|p1a: Mandibuzz|Mandibuzz, F|100/100\n|\n|upkeep\n|turn|2\n|\n|t:|1768631571\n|move|p1a: Mandibuzz|Taunt|p2a: Endowment\n|-start|p2a: Endowment|move: Taunt\n|cant|p2a: Endowment|move: Taunt|Spikes\n|\n|upkeep\n|turn|3\n|\n|t:|1768631581\n|move|p1a: Mandibuzz|Knock Off|p2a: Endowment\n|-damage|p2a: Endowment|73/100\n|-enditem|p2a: Endowment|Black Sludge|[from] move: Knock Off|[of] p1a: Mandibuzz\n|move|p2a: Endowment|Poison Jab|p1a: Mandibuzz\n|-damage|p1a: Mandibuzz|89/100\n|\n|upkeep\n|turn|4\n|\n|t:|1768631602\n|switch|p2a: Honor|Palafin, M|100/100\n|move|p1a: Mandibuzz|Knock Off|p2a: Honor\n|-crit|p2a: Honor\n|-damage|p2a: Honor|62/100\n|-enditem|p2a: Honor|Leftovers|[from] move: Knock Off|[of] p1a: Mandibuzz\n|\n|upkeep\n|turn|5\n|\n|t:|1768631623\n|detailschange|p2a: Honor|Palafin-Hero, M\n|switch|p2a: Endowment|Clodsire, F|73/100\n|move|p1a: Mandibuzz|Knock Off|p2a: Endowment\n|-damage|p2a: Endowment|53/100\n|\n|upkeep\n|turn|6\n|\n|t:|1768631629\n|move|p1a: Mandibuzz|Taunt|p2a: Endowment\n|-start|p2a: Endowment|move: Taunt\n|move|p2a: Endowment|Poison Jab|p1a: Mandibuzz\n|-damage|p1a: Mandibuzz|76/100\n|\n|upkeep\n|turn|7\n|\n|t:|1768631633\n|switch|p1a: Gholdengo|Gholdengo|100/100\n|-item|p1a: Gholdengo|Air Balloon\n|move|p2a: Endowment|Poison Jab|p1a: Gholdengo\n|-immune|p1a: Gholdengo\n|\n|upkeep\n|turn|8\n|\n|t:|1768631641\n|switch|p2a: Odium|Dusclops, M|100/100\n|-ability|p2a: Odium|Pressure\n|move|p1a: Gholdengo|Thunder Wave|p2a: Odium\n|-status|p2a: Odium|par\n|\n|upkeep\n|turn|9\n|\n|t:|1768631649\n|switch|p1a: Gastrodon|Gastrodon, M|100/100\n|move|p2a: Odium|Shadow Ball|p1a: Gastrodon\n|-damage|p1a: Gastrodon|85/100\n|-unboost|p1a: Gastrodon|spd|1\n|\n|upkeep\n|turn|10\n|\n|t:|1768631654\n|move|p1a: Gastrodon|Stealth Rock|p2a: Odium\n|-sidestart|p2: Riptide2604|move: Stealth Rock\n|cant|p2a: Odium|par\n|\n|upkeep\n|turn|11\n|\n|t:|1768631659\n|switch|p1a: Mandibuzz|Mandibuzz, F|76/100\n|cant|p2a: Odium|par\n|\n|upkeep\n|turn|12\n|\n|t:|1768631664\n|move|p1a: Mandibuzz|Taunt|p2a: Odium\n|-start|p2a: Odium|move: Taunt\n|cant|p2a: Odium|move: Taunt|Toxic\n|\n|upkeep\n|turn|13\n|c|☆MayFortune|my bad\n|c|☆Riptide2604|crit para para is a good start\n|c|☆MayFortune|crit?\n|c|☆MayFortune|oh on the fin \n|c|☆MayFortune|you righttt\n|c|☆Riptide2604|on fin\n|\n|t:|1768631706\n|switch|p2a: Devotion|Enamorus, F|100/100\n|-damage|p2a: Devotion|76/100|[from] Stealth Rock\n|move|p1a: Mandibuzz|Knock Off|p2a: Devotion\n|-resisted|p2a: Devotion\n|-damage|p2a: Devotion|61/100\n|-enditem|p2a: Devotion|Yache Berry|[from] move: Knock Off|[of] p1a: Mandibuzz\n|\n|upkeep\n|turn|14\n|\n|t:|1768631718\n|switch|p1a: Entei|Entei|100/100\n|-ability|p1a: Entei|Pressure\n|move|p2a: Devotion|Moonblast|p1a: Entei\n|-resisted|p1a: Entei\n|-damage|p1a: Entei|70/100\n|-unboost|p1a: Entei|spa|1\n|\n|upkeep\n|turn|15\n|\n|t:|1768631763\n|switch|p2a: Odium|Dusclops, M|100/100 par\n|-damage|p2a: Odium|88/100 par|[from] Stealth Rock\n|-ability|p2a: Odium|Pressure\n|move|p1a: Entei|Extreme Speed|p2a: Odium\n|-immune|p2a: Odium\n|\n|upkeep\n|turn|16\n|\n|t:|1768631787\n|switch|p1a: Gastrodon|Gastrodon, M|85/100\n|cant|p2a: Odium|par\n|\n|upkeep\n|turn|17\n|c|☆Riptide2604|alright\n|c|☆Riptide2604|love this game\n|\n|t:|1768631801\n|move|p1a: Gastrodon|Earth Power|p2a: Odium\n|-damage|p2a: Odium|74/100 par\n|move|p2a: Odium|Toxic|p1a: Gastrodon\n|-status|p1a: Gastrodon|tox\n|\n|-damage|p1a: Gastrodon|79/100 tox|[from] psn\n|upkeep\n|turn|18\n|\n|t:|1768631841\n|switch|p1a: Mandibuzz|Mandibuzz, F|76/100\n|move|p2a: Odium|Toxic|p1a: Mandibuzz\n|-status|p1a: Mandibuzz|tox\n|\n|-damage|p1a: Mandibuzz|70/100 tox|[from] psn\n|upkeep\n|turn|19\n|\n|t:|1768631853\n|switch|p2a: Endowment|Clodsire, F|53/100\n|-damage|p2a: Endowment|47/100|[from] Stealth Rock\n|move|p1a: Mandibuzz|Knock Off|p2a: Endowment\n|-damage|p2a: Endowment|28/100\n|\n|-damage|p1a: Mandibuzz|57/100 tox|[from] psn\n|upkeep\n|turn|20\n|\n|t:|1768631858\n|move|p1a: Mandibuzz|Taunt|p2a: Endowment\n|-start|p2a: Endowment|move: Taunt\n|move|p2a: Endowment|Poison Jab|p1a: Mandibuzz\n|-damage|p1a: Mandibuzz|45/100 tox\n|\n|-damage|p1a: Mandibuzz|27/100 tox|[from] psn\n|upkeep\n|turn|21\n|\n|t:|1768631862\n|switch|p1a: Gholdengo|Gholdengo|100/100\n|-item|p1a: Gholdengo|Air Balloon\n|move|p2a: Endowment|Poison Jab|p1a: Gholdengo\n|-immune|p1a: Gholdengo\n|\n|upkeep\n|turn|22\n|\n|t:|1768631885\n|switch|p2a: Odium|Dusclops, M|74/100 par\n|-damage|p2a: Odium|62/100 par|[from] Stealth Rock\n|-ability|p2a: Odium|Pressure\n|move|p1a: Gholdengo|Make It Rain|p2a: Odium\n|-damage|p2a: Odium|38/100 par\n|-unboost|p1a: Gholdengo|spa|1\n|\n|upkeep\n|turn|23\n|\n|t:|1768631889\n|switch|p1a: Mandibuzz|Mandibuzz, F|27/100 tox\n|move|p2a: Odium|Pain Split|p1a: Mandibuzz\n|-sethp|p1a: Mandibuzz|26/100 tox|[from] move: Pain Split|[silent]\n|-sethp|p2a: Odium|39/100 par|[from] move: Pain Split\n|\n|-damage|p1a: Mandibuzz|20/100 tox|[from] psn\n|upkeep\n|turn|24\n|\n|t:|1768631900\n|move|p1a: Mandibuzz|Roost|p1a: Mandibuzz\n|-heal|p1a: Mandibuzz|70/100 tox\n|-singleturn|p1a: Mandibuzz|move: Roost\n|move|p2a: Odium|Pain Split|p1a: Mandibuzz\n|-sethp|p1a: Mandibuzz|48/100 tox|[from] move: Pain Split|[silent]\n|-sethp|p2a: Odium|72/100 par|[from] move: Pain Split\n|\n|-damage|p1a: Mandibuzz|36/100 tox|[from] psn\n|upkeep\n|turn|25\n|\n|t:|1768631908\n|move|p1a: Mandibuzz|Knock Off|p2a: Odium\n|-supereffective|p2a: Odium\n|-damage|p2a: Odium|44/100 par\n|-enditem|p2a: Odium|Eviolite|[from] move: Knock Off|[of] p1a: Mandibuzz\n|cant|p2a: Odium|par\n|\n|-damage|p1a: Mandibuzz|18/100 tox|[from] psn\n|upkeep\n|turn|26\n|\n|t:|1768631927\n|move|p1a: Mandibuzz|Roost|p1a: Mandibuzz\n|-heal|p1a: Mandibuzz|68/100 tox\n|-singleturn|p1a: Mandibuzz|move: Roost\n|move|p2a: Odium|Shadow Ball|p1a: Mandibuzz\n|-resisted|p1a: Mandibuzz\n|-damage|p1a: Mandibuzz|61/100 tox\n|\n|-damage|p1a: Mandibuzz|36/100 tox|[from] psn\n|upkeep\n|turn|27\n|\n|t:|1768631935\n|switch|p1a: Gastrodon|Gastrodon, M|79/100 tox\n|move|p2a: Odium|Pain Split|p1a: Gastrodon\n|-sethp|p1a: Gastrodon|54/100 tox|[from] move: Pain Split|[silent]\n|-sethp|p2a: Odium|81/100 par|[from] move: Pain Split\n|\n|-damage|p1a: Gastrodon|48/100 tox|[from] psn\n|upkeep\n|turn|28\n|\n|t:|1768631996\n|switch|p1a: Mandibuzz|Mandibuzz, F|36/100 tox\n|switch|p2a: Invention|Skarmory, M|100/100\n|-damage|p2a: Invention|88/100|[from] Stealth Rock\n|\n|-damage|p1a: Mandibuzz|30/100 tox|[from] psn\n|upkeep\n|turn|29\n|\n|t:|1768632007\n|move|p1a: Mandibuzz|Taunt|p2a: Invention\n|-start|p2a: Invention|move: Taunt\n|cant|p2a: Invention|move: Taunt|Stealth Rock\n|\n|-damage|p1a: Mandibuzz|18/100 tox|[from] psn\n|upkeep\n|turn|30\n|\n|t:|1768632024\n|switch|p2a: Endowment|Clodsire, F|28/100\n|-damage|p2a: Endowment|22/100|[from] Stealth Rock\n|move|p1a: Mandibuzz|Knock Off|p2a: Endowment\n|-damage|p2a: Endowment|4/100\n|\n|-damage|p1a: Mandibuzz|0 fnt|[from] psn\n|faint|p1a: Mandibuzz\n|upkeep\n|\n|t:|1768632098\n|switch|p1a: Gholdengo|Gholdengo|100/100\n|-item|p1a: Gholdengo|Air Balloon\n|turn|31\n|\n|t:|1768632102\n|move|p1a: Gholdengo|Hex|p2a: Endowment\n|-damage|p2a: Endowment|0 fnt\n|faint|p2a: Endowment\n|\n|upkeep\n|\n|t:|1768632104\n|switch|p2a: Dominion|Urshifu, F|100/100\n|-damage|p2a: Dominion|94/100|[from] Stealth Rock\n|turn|32\n|\n|t:|1768632107\n|switch|p1a: Gastrodon|Gastrodon, M|48/100 tox\n|move|p2a: Dominion|Wicked Blow|p1a: Gastrodon\n|-crit|p1a: Gastrodon\n|-damage|p1a: Gastrodon|2/100 tox\n|\n|-damage|p1a: Gastrodon|0 fnt|[from] psn\n|faint|p1a: Gastrodon\n|upkeep\n|\n|t:|1768632118\n|switch|p1a: Lopunny|Lopunny, M|100/100\n|turn|33\n|\n|t:|1768632124\n|switch|p2a: Invention|Skarmory, M|88/100\n|-damage|p2a: Invention|76/100|[from] Stealth Rock\n|detailschange|p1a: Lopunny|Lopunny-Mega, M\n|-mega|p1a: Lopunny|Lopunny|Lopunnite\n|move|p1a: Lopunny|U-turn|p2a: Invention\n|-resisted|p2a: Invention\n|-damage|p2a: Invention|73/100\n|-damage|p1a: Lopunny|84/100|[from] item: Rocky Helmet|[of] p2a: Invention\n|\n|t:|1768632126\n|switch|p1a: Latios|Latios, M|100/100|[from] U-turn\n|\n|upkeep\n|turn|34\n|\n|t:|1768632135\n|switch|p2a: Odium|Dusclops, M|81/100 par\n|-damage|p2a: Odium|68/100 par|[from] Stealth Rock\n|-ability|p2a: Odium|Pressure\n|move|p1a: Latios|Substitute|p1a: Latios\n|-start|p1a: Latios|Substitute\n|-damage|p1a: Latios|76/100\n|\n|-heal|p1a: Latios|82/100|[from] item: Leftovers\n|upkeep\n|turn|35\n|\n|t:|1768632138\n|move|p1a: Latios|Calm Mind|p1a: Latios\n|-boost|p1a: Latios|spa|1\n|-boost|p1a: Latios|spd|1\n|move|p2a: Odium|Shadow Ball|p1a: Latios\n|-supereffective|p1a: Latios\n|-activate|p1a: Latios|move: Substitute|[damage]\n|\n|-heal|p1a: Latios|88/100|[from] item: Leftovers\n|upkeep\n|turn|36\n|\n|t:|1768632150\n|move|p1a: Latios|Calm Mind|p1a: Latios\n|-boost|p1a: Latios|spa|1\n|-boost|p1a: Latios|spd|1\n|move|p2a: Odium|Shadow Ball|p1a: Latios\n|-supereffective|p1a: Latios\n|-crit|p1a: Latios\n|-end|p1a: Latios|Substitute\n|\n|-heal|p1a: Latios|94/100|[from] item: Leftovers\n|upkeep\n|turn|37\n|\n|t:|1768632159\n|switch|p2a: Devotion|Enamorus, F|61/100\n|-damage|p2a: Devotion|36/100|[from] Stealth Rock\n|move|p1a: Latios|Substitute|p1a: Latios\n|-start|p1a: Latios|Substitute\n|-damage|p1a: Latios|69/100\n|\n|-heal|p1a: Latios|75/100|[from] item: Leftovers\n|upkeep\n|turn|38\n|\n|t:|1768632164\n|move|p1a: Latios|Thunderbolt|p2a: Devotion\n|-supereffective|p2a: Devotion\n|-damage|p2a: Devotion|0 fnt\n|faint|p2a: Devotion\n|\n|-heal|p1a: Latios|81/100|[from] item: Leftovers\n|upkeep\n|\n|t:|1768632166\n|switch|p2a: Dominion|Urshifu, F|94/100\n|-damage|p2a: Dominion|88/100|[from] Stealth Rock\n|turn|39\n|\n|t:|1768632167\n|move|p2a: Dominion|U-turn|p1a: Latios\n|-supereffective|p1a: Latios\n|-end|p1a: Latios|Substitute\n|\n|t:|1768632171\n|switch|p2a: Honor|Palafin-Hero, M|62/100|[from] U-turn\n|-damage|p2a: Honor|49/100|[from] Stealth Rock\n|-activate|p2a: Honor|ability: Zero to Hero\n|move|p1a: Latios|Substitute|p1a: Latios\n|-start|p1a: Latios|Substitute\n|-damage|p1a: Latios|56/100\n|\n|-heal|p1a: Latios|63/100|[from] item: Leftovers\n|upkeep\n|turn|40\n|\n|t:|1768632187\n|move|p1a: Latios|Thunderbolt|p2a: Honor\n|-supereffective|p2a: Honor\n|-damage|p2a: Honor|0 fnt\n|faint|p2a: Honor\n|\n|-heal|p1a: Latios|69/100|[from] item: Leftovers\n|upkeep\n|\n|t:|1768632194\n|switch|p2a: Dominion|Urshifu, F|88/100\n|-damage|p2a: Dominion|82/100|[from] Stealth Rock\n|turn|41\n|\n|t:|1768632203\n|move|p2a: Dominion|Wicked Blow|p1a: Latios\n|-supereffective|p1a: Latios\n|-crit|p1a: Latios\n|-end|p1a: Latios|Substitute\n|move|p1a: Latios|Substitute|p1a: Latios\n|-start|p1a: Latios|Substitute\n|-damage|p1a: Latios|44/100\n|\n|-heal|p1a: Latios|50/100|[from] item: Leftovers\n|upkeep\n|turn|42\n|\n|t:|1768632206\n|move|p2a: Dominion|Wicked Blow|p1a: Latios\n|-supereffective|p1a: Latios\n|-crit|p1a: Latios\n|-end|p1a: Latios|Substitute\n|move|p1a: Latios|Thunderbolt|p2a: Dominion\n|-damage|p2a: Dominion|0 fnt\n|faint|p2a: Dominion\n|\n|-heal|p1a: Latios|56/100|[from] item: Leftovers\n|upkeep\n|\n|t:|1768632212\n|switch|p2a: Invention|Skarmory, M|73/100\n|-damage|p2a: Invention|60/100|[from] Stealth Rock\n|turn|43\n|\n|t:|1768632214\n|move|p1a: Latios|Thunderbolt|p2a: Invention\n|-supereffective|p2a: Invention\n|-damage|p2a: Invention|0 fnt\n|faint|p2a: Invention\n|\n|-heal|p1a: Latios|62/100|[from] item: Leftovers\n|upkeep\n|\n|t:|1768632216\n|switch|p2a: Odium|Dusclops, M|68/100 par\n|-damage|p2a: Odium|56/100 par|[from] Stealth Rock\n|-ability|p2a: Odium|Pressure\n|turn|44\n|\n|t:|1768632218\n|move|p1a: Latios|Substitute|p1a: Latios\n|-start|p1a: Latios|Substitute\n|-damage|p1a: Latios|37/100\n|move|p2a: Odium|Shadow Ball|p1a: Latios\n|-supereffective|p1a: Latios\n|-activate|p1a: Latios|move: Substitute|[damage]\n|\n|-heal|p1a: Latios|44/100|[from] item: Leftovers\n|upkeep\n|turn|45\n|c|☆Riptide2604|gg\n|\n|t:|1768632220\n|move|p1a: Latios|Thunderbolt|p2a: Odium\n|-damage|p2a: Odium|9/100 par\n|cant|p2a: Odium|par\n|\n|-heal|p1a: Latios|50/100|[from] item: Leftovers\n|upkeep\n|turn|46\n|c|☆MayFortune|gg\n|\n|t:|1768632223\n|move|p1a: Latios|Thunderbolt|p2a: Odium\n|-damage|p2a: Odium|0 fnt\n|faint|p2a: Odium\n|\n|win|MayFortune\n|c|☆MayFortune|sry about the paras \n|l|☆MayFortune\n|player|p1|\n|c|☆Riptide2604|its fine\n","players":["MayFortune","Riptide2604"],"format":"[Gen 9] NatDex Draft","rating":null,"private":0,"password":null,"inputlog":">version 36cf988d66dbad4151963a7bc9d9267feedacf40\n>start {\"formatid\":\"gen9natdexdraft\",\"seed\":\"sodium,b6b3eb816d2e82d635754c57f00e540d\"}\n>player p1 {\"name\":\"MayFortune\",\"avatar\":\"steven-masters\",\"team\":\"Mandibuzz||HeavyDutyBoots|BigPecks|Roost,KnockOff,Toxic,Taunt|Impish|248,,252,,,8|F||||,,,,,Dark]Gastrodon||FloatStone|StormDrain|EarthPower,Scald,Recover,StealthRock|Bold|248,,200,,60,|M|,0,,,,|||,,,,,Water]Gholdengo||AirBalloon|GoodasGold|ThunderWave,Recover,MakeItRain,Hex|Calm|248,,,,228,32|N|,0,,,,|||,,,,,Steel]Latios||Leftovers|Levitate|CalmMind,Substitute,PsychicNoise,Thunderbolt|Timid|32,,,252,,224|M|,0,,,,|||,,,,,Dragon]Entei||ChoiceBand|Pressure|SacredFire,ExtremeSpeed,StompingTantrum,FlareBlitz|Jolly|,252,,,4,252|N||||,,,,,Fire]Lopunny||Lopunnite|Limber|Uturn,CloseCombat,TripleAxel,FakeOut|Jolly|112,252,,,,144|M||||0,,,,,Normal\",\"rating\":0}\n>player p2 {\"name\":\"Riptide2604\",\"avatar\":\"1\",\"team\":\"Endowment|Clodsire|BlackSludge|Unaware|Spikes,Recover,Earthquake,PoisonJab|Careful|248,8,,,252,|F||||,,,,,Poison]Odium|Dusclops|Eviolite|Pressure|WillOWisp,PainSplit,ShadowBall,Toxic|Calm|248,,,8,252,|M|,0,,,,|||,,,,,Ghost]Dominion|Urshifu|ChoiceScarf|UnseenFist|Uturn,WickedBlow,CloseCombat,IcePunch|Jolly|,252,,,4,252|F||||,,,,,Fighting]Devotion|Enamorus|YacheBerry|CuteCharm|Agility,EarthPower,Moonblast,CalmMind|Modest|248,,,252,,8|F|,0,,,,|||,,,,,Fairy]Invention|Skarmory|RockyHelmet|Sturdy|Roost,StealthRock,BodyPress,Defog|Impish|248,8,252,,,|M|,0,,,,|||,,,,,Steel]Honor|Palafin|Leftovers|ZerotoHero|BulkUp,JetPunch,GrassKnot,IcePunch|Naughty|248,252,,8,,|M||||,,,,,Water\",\"rating\":0}\n>chat ☆Riptide2604|glhf\n>chat ☆MayFortune|hf \n>p1 team 4, 2, 3, 1, 5, 6\n>p2 team 3, 2, 1, 4, 5, 6\n>p1 switch 4\n>p2 switch 3\n>p1 move taunt\n>p2 move spikes\n>p1 move knockoff\n>p2 move poisonjab\n>p1 move knockoff\n>p2 switch 6\n>p1 move knockoff\n>p2 switch 6\n>p1 move taunt\n>p2 move poisonjab\n>p1 switch 3\n>p2 move poisonjab\n>p1 move thunderwave\n>p2 switch 2\n>p1 switch 2\n>p2 move shadowball\n>p1 move stealthrock\n>p2 move willowisp\n>p1 switch 3\n>p2 move toxic\n>p1 move taunt\n>p2 move toxic\n>chat ☆MayFortune|my bad\n>chat ☆Riptide2604|crit para para is a good start\n>chat ☆MayFortune|crit?\n>chat ☆MayFortune|oh on the fin \n>chat ☆MayFortune|you righttt\n>chat ☆Riptide2604|on fin\n>p1 move knockoff\n>p2 switch 4\n>p1 switch 5\n>p2 move moonblast\n>p1 move extremespeed\n>p2 switch 4\n>p1 switch 3\n>p2 move toxic\n>chat ☆Riptide2604|alright\n>chat ☆Riptide2604|love this game\n>p1 move earthpower\n>p2 move toxic\n>p1 switch 5\n>p2 move toxic\n>p1 move knockoff\n>p2 switch 2\n>p1 move taunt\n>p2 move poisonjab\n>p1 switch 2\n>p2 move poisonjab\n>p1 move makeitrain\n>p2 switch 2\n>p1 switch 2\n>p2 move painsplit\n>p1 move roost\n>p2 move painsplit\n>p1 move knockoff\n>p2 move shadowball\n>p1 move roost\n>p2 move shadowball\n>p1 switch 5\n>p2 move painsplit\n>p1 switch 5\n>p2 switch 5\n>p1 move taunt\n>p2 move stealthrock\n>p1 move knockoff\n>p2 switch 2\n>p1 switch 2\n>p1 move hex\n>p2 move recover\n>p2 switch 3\n>p1 switch 5\n>p2 move wickedblow\n>p1 switch 6\n>p1 move uturn mega\n>p2 switch 2\n>p1 switch 4\n>p1 move substitute\n>p2 switch 5\n>p1 move calmmind\n>p2 move shadowball\n>p1 move calmmind\n>p2 move shadowball\n>p1 move substitute\n>p2 switch 4\n>p1 move thunderbolt\n>p2 move moonblast\n>p2 switch 2\n>p1 move substitute\n>p2 move uturn\n>p2 switch 6\n>p1 move thunderbolt\n>p2 move icepunch\n>p2 switch 6\n>p1 move substitute\n>p2 move wickedblow\n>p1 move thunderbolt\n>p2 move wickedblow\n>p2 switch 5\n>p1 move thunderbolt\n>p2 move bodypress\n>p2 switch 4\n>p1 move substitute\n>p2 move shadowball\n>chat ☆Riptide2604|gg\n>p1 move thunderbolt\n>p2 move shadowball\n>chat ☆MayFortune|gg\n>p1 move thunderbolt\n>p2 move shadowball","uploadtime":1768632295}