{"id":"gen9natdexdraft-442","log":"|badge|p2|bronze|gen9ubers|100-2\n|uhtml|medal-msg|<div class=\"broadcast-blue\">Curious what those medals under the avatar are? PS now has Ladder Seasons! For more information, check out the <a href=\"https://www.smogon.com/forums/threads/3740067/\">thread on Smogon.</a></div>\n|j|☆liviifailure\n|j|☆Celeste\n|t:|1763322572\n|gametype|singles\n|player|p1|liviifailure|iris-gen5bw2|\n|player|p2|Celeste|lisia|\n|gen|9\n|tier|[Gen 9] NatDex Draft\n|rule|Tera Type Preview: Tera Types are shown at Team Preview\n|rule|Sleep Clause Mod: Limit one foe put to sleep\n|rule|OHKO Clause: OHKO moves are banned\n|rule|Evasion Clause: Evasion abilities, items, and moves are banned\n|rule|Evasion Abilities Clause: Evasion abilities are banned\n|rule|Evasion Items Clause: Evasion items are banned\n|rule|Evasion Moves Clause: Evasion moves are banned\n|rule|Endless Battle Clause: Forcing endless battles is banned\n|rule|HP Percentage Mod: HP is shown in percentages\n|raw|<div class=\"infobox\"><details class=\"readmore\" open><summary><strong>1 custom rule:</strong></summary> Tera Type Preview</details></div>\n|clearpoke\n|poke|p1|Chi-Yu|\n|poke|p1|Weezing-Galar, M|\n|poke|p1|Corviknight, M|\n|poke|p1|Wigglytough, M|\n|poke|p1|Mimikyu, M|\n|poke|p1|Keldeo-Resolute|\n|poke|p2|Diamoneye, F|\n|poke|p2|Great Tusk|\n|poke|p2|Zarude|\n|poke|p2|Mesprit|\n|poke|p2|Aegislash, M|\n|poke|p2|Dragonite, M|\n|raw|liviifailure's Tera Types:<br /><psicon pokemon=\"chiyu\" /><psicon type=\"Stellar\" /> / <psicon pokemon=\"weezinggalar\" /><psicon type=\"Stellar\" /> / <psicon pokemon=\"corviknight\" /><psicon type=\"Stellar\" /> / <psicon pokemon=\"wigglytough\" /><psicon type=\"Stellar\" /> / <psicon pokemon=\"mimikyu\" /><psicon type=\"Stellar\" /> / <psicon pokemon=\"keldeoresolute\" /><psicon type=\"Stellar\" />\n|raw|Celeste's Tera Types:<br /><psicon pokemon=\"diamoneye\" /><psicon type=\"Ghost\" /> / <psicon pokemon=\"greattusk\" /><psicon type=\"Ground\" /> / <psicon pokemon=\"zarude\" /><psicon type=\"Poison\" /> / <psicon pokemon=\"mesprit\" /><psicon type=\"Psychic\" /> / <psicon pokemon=\"aegislash\" /><psicon type=\"Water\" /> / <psicon pokemon=\"dragonite\" /><psicon type=\"Dragon\" />\n|teampreview\n|c|☆Celeste|glhf\n|c|☆liviifailure|u2\n|j| The_Shawdoin\n|c| The_Shawdoin|I hate that wiggly so much\n|\n|t:|1763322623\n|teamsize|p1|6\n|teamsize|p2|6\n|start\n|switch|p1a: Wigglytuff|Wigglytough, M|100/100\n|switch|p2a: Great Tusk|Great Tusk|100/100\n|turn|1\n|\n|t:|1763322635\n|move|p2a: Great Tusk|Stealth Rock|p1a: Wigglytuff\n|-sidestart|p1: liviifailure|move: Stealth Rock\n|move|p1a: Wigglytuff|Moonblast|p2a: Great Tusk\n|-supereffective|p2a: Great Tusk\n|-damage|p2a: Great Tusk|0 fnt\n|faint|p2a: Great Tusk\n|-end|p2a: Great Tusk|Protosynthesis|[silent]\n|\n|upkeep\n|\n|t:|1763322643\n|switch|p2a: Aegislash|Aegislash, M|100/100\n|turn|2\n|\n|t:|1763322649\n|move|p2a: Aegislash|Toxic|p1a: Wigglytuff\n|-status|p1a: Wigglytuff|tox\n|move|p1a: Wigglytuff|Flamethrower|p2a: Aegislash\n|-supereffective|p2a: Aegislash\n|-damage|p2a: Aegislash|63/100\n|\n|-heal|p2a: Aegislash|70/100|[from] item: Leftovers\n|-damage|p1a: Wigglytuff|94/100 tox|[from] psn\n|upkeep\n|turn|3\n|j| fiendishzealot\n|\n|t:|1763322665\n|-curestatus|p1a: Wigglytuff|tox|[from] ability: Natural Cure\n|switch|p1a: Chi-Yu|Chi-Yu|100/100\n|-damage|p1a: Chi-Yu|76/100|[from] Stealth Rock\n|-ability|p1a: Chi-Yu|Beads of Ruin\n|move|p2a: Aegislash|King's Shield||[still]\n|-fail|p2a: Aegislash\n|\n|-heal|p2a: Aegislash|76/100|[from] item: Leftovers\n|upkeep\n|turn|4\n|\n|t:|1763322680\n|move|p2a: Aegislash|King's Shield|p2a: Aegislash\n|-singleturn|p2a: Aegislash|Protect\n|move|p1a: Chi-Yu|Dark Pulse|p2a: Aegislash\n|-activate|p2a: Aegislash|move: Protect\n|\n|-heal|p2a: Aegislash|82/100|[from] item: Leftovers\n|upkeep\n|turn|5\n|\n|t:|1763322687\n|switch|p2a: Zarude|Zarude|100/100\n|move|p1a: Chi-Yu|Dark Pulse|p2a: Zarude\n|-resisted|p2a: Zarude\n|-damage|p2a: Zarude|68/100\n|\n|-heal|p2a: Zarude|74/100|[from] item: Leftovers\n|upkeep\n|turn|6\n|\n|t:|1763322693\n|switch|p1a: Weezing|Weezing-Galar, M|100/100\n|-damage|p1a: Weezing|88/100|[from] Stealth Rock\n|move|p2a: Zarude|Knock Off|p1a: Weezing\n|-resisted|p1a: Weezing\n|-damage|p1a: Weezing|67/100\n|-enditem|p1a: Weezing|Babiri Berry|[from] move: Knock Off|[of] p2a: Zarude\n|\n|-heal|p2a: Zarude|80/100|[from] item: Leftovers\n|upkeep\n|turn|7\n|\n|t:|1763322706\n|-terastallize|p2a: Zarude|Poison\n|move|p2a: Zarude|Bulk Up|p2a: Zarude\n|-boost|p2a: Zarude|atk|1\n|-boost|p2a: Zarude|def|1\n|move|p1a: Weezing|Fire Blast|p2a: Zarude\n|-damage|p2a: Zarude|49/100\n|\n|-heal|p2a: Zarude|55/100|[from] item: Leftovers\n|upkeep\n|turn|8\n|\n|t:|1763322715\n|move|p2a: Zarude|Jungle Healing|p2a: Zarude\n|-heal|p2a: Zarude|80/100\n|move|p1a: Weezing|Fire Blast|p2a: Zarude\n|-damage|p2a: Zarude|54/100\n|\n|-heal|p2a: Zarude|60/100|[from] item: Leftovers\n|upkeep\n|turn|9\n|j| Ark64\n|\n|t:|1763322730\n|switch|p1a: Corviknight|Corviknight, M|100/100\n|-damage|p1a: Corviknight|88/100|[from] Stealth Rock\n|-ability|p1a: Corviknight|Pressure\n|move|p2a: Zarude|Jungle Healing|p2a: Zarude\n|-heal|p2a: Zarude|85/100\n|\n|-heal|p2a: Zarude|91/100|[from] item: Leftovers\n|upkeep\n|turn|10\n|\n|t:|1763322750\n|detailschange|p1a: Corviknight|Corviknight-Mega, M\n|-mega|p1a: Corviknight|Corviknight|Corviknightite\n|move|p2a: Zarude|Bulk Up|p2a: Zarude\n|-boost|p2a: Zarude|atk|1\n|-boost|p2a: Zarude|def|1\n|move|p1a: Corviknight|Hurricane|p2a: Zarude\n|-damage|p2a: Zarude|50/100\n|-start|p2a: Zarude|confusion\n|\n|-heal|p2a: Zarude|56/100|[from] item: Leftovers\n|upkeep\n|turn|11\n|\n|t:|1763322782\n|-activate|p2a: Zarude|confusion\n|move|p2a: Zarude|Knock Off|p1a: Corviknight\n|-damage|p1a: Corviknight|47/100\n|move|p1a: Corviknight|Hurricane|p2a: Zarude\n|-damage|p2a: Zarude|18/100\n|\n|-heal|p2a: Zarude|24/100|[from] item: Leftovers\n|upkeep\n|turn|12\n|\n|t:|1763322790\n|-activate|p2a: Zarude|confusion\n|-damage|p2a: Zarude|12/100|[from] confusion\n|move|p1a: Corviknight|Flash Cannon|p2a: Zarude\n|-damage|p2a: Zarude|0 fnt\n|faint|p2a: Zarude\n|\n|upkeep\n|l| Ark64\n|\n|t:|1763322804\n|switch|p2a: Mesprit|Mesprit|100/100\n|turn|13\n|\n|t:|1763322808\n|move|p1a: Corviknight|U-turn|p2a: Mesprit\n|-supereffective|p2a: Mesprit\n|-damage|p2a: Mesprit|86/100\n|\n|t:|1763322817\n|switch|p1a: Mimikyu|Mimikyu, M|100/100|[from] U-turn\n|-damage|p1a: Mimikyu|88/100|[from] Stealth Rock\n|move|p2a: Mesprit|Psychic Noise|p1a: Mimikyu\n|-activate|p1a: Mimikyu|ability: Disguise\n|-damage|p1a: Mimikyu|88/100\n|-start|p1a: Mimikyu|move: Heal Block\n|detailschange|p1a: Mimikyu|Mimikyu-Busted, M\n|-damage|p1a: Mimikyu|76/100|[from] pokemon: Mimikyu-Busted\n|\n|upkeep\n|turn|14\n|\n|t:|1763322831\n|move|p1a: Mimikyu|Swords Dance|p1a: Mimikyu\n|-boost|p1a: Mimikyu|atk|2\n|move|p2a: Mesprit|Thunder Wave|p1a: Mimikyu|[miss]\n|-miss|p2a: Mesprit|p1a: Mimikyu\n|\n|-end|p1a: Mimikyu|move: Heal Block\n|upkeep\n|turn|15\n|\n|t:|1763322837\n|move|p1a: Mimikyu|Shadow Sneak|p2a: Mesprit\n|-supereffective|p2a: Mesprit\n|-damage|p2a: Mesprit|25/100\n|move|p2a: Mesprit|Thunder Wave|p1a: Mimikyu\n|-status|p1a: Mimikyu|par\n|\n|-heal|p1a: Mimikyu|82/100 par|[from] item: Leftovers\n|upkeep\n|turn|16\n|\n|t:|1763322843\n|move|p2a: Mesprit|Psychic Noise|p1a: Mimikyu\n|-damage|p1a: Mimikyu|47/100 par\n|-start|p1a: Mimikyu|move: Heal Block\n|cant|p1a: Mimikyu|par\n|\n|upkeep\n|turn|17\n|\n|t:|1763322848\n|move|p1a: Mimikyu|Shadow Sneak|p2a: Mesprit\n|-supereffective|p2a: Mesprit\n|-damage|p2a: Mesprit|0 fnt\n|faint|p2a: Mesprit\n|\n|-end|p1a: Mimikyu|move: Heal Block\n|upkeep\n|\n|t:|1763322852\n|switch|p2a: Dragonite|Dragonite, M|100/100\n|turn|18\n|\n|t:|1763322869\n|-terastallize|p1a: Mimikyu|Stellar\n|move|p1a: Mimikyu|Shadow Sneak|p2a: Dragonite\n|-damage|p2a: Dragonite|78/100\n|move|p2a: Dragonite|Hurricane|p1a: Mimikyu\n|-damage|p1a: Mimikyu|0 fnt\n|faint|p1a: Mimikyu\n|-damage|p2a: Dragonite|68/100|[from] item: Life Orb\n|\n|upkeep\n|\n|t:|1763322878\n|switch|p1a: Wigglytuff|Wigglytough, M|94/100\n|-damage|p1a: Wigglytuff|82/100|[from] Stealth Rock\n|turn|19\n|\n|t:|1763322883\n|move|p2a: Dragonite|Hurricane|p1a: Wigglytuff\n|-damage|p1a: Wigglytuff|30/100\n|-start|p1a: Wigglytuff|confusion\n|-damage|p2a: Dragonite|58/100|[from] item: Life Orb\n|-activate|p1a: Wigglytuff|confusion\n|move|p1a: Wigglytuff|Moonblast|p2a: Dragonite\n|-supereffective|p2a: Dragonite\n|-damage|p2a: Dragonite|0 fnt\n|faint|p2a: Dragonite\n|\n|upkeep\n|\n|t:|1763322886\n|switch|p2a: Diamoneye|Diamoneye, F|100/100\n|turn|20\n|\n|t:|1763322907\n|detailschange|p2a: Diamoneye|Diamoneye-Mega, F\n|-mega|p2a: Diamoneye|Diamoneye|Diamoneyite\n|-ability|p2a: Diamoneye|Unnerve\n|move|p2a: Diamoneye|Flash Cannon|p1a: Wigglytuff\n|-supereffective|p1a: Wigglytuff\n|-damage|p1a: Wigglytuff|0 fnt\n|faint|p1a: Wigglytuff\n|\n|upkeep\n|\n|t:|1763322916\n|switch|p1a: Chi-Yu|Chi-Yu|76/100\n|-damage|p1a: Chi-Yu|51/100|[from] Stealth Rock\n|-ability|p1a: Chi-Yu|Beads of Ruin\n|turn|21\n|\n|t:|1763322923\n|move|p1a: Chi-Yu|Overheat|p2a: Diamoneye|[miss]\n|-miss|p1a: Chi-Yu|p2a: Diamoneye\n|move|p2a: Diamoneye|Shadow Ball|p1a: Chi-Yu\n|-resisted|p1a: Chi-Yu\n|-damage|p1a: Chi-Yu|23/100\n|\n|upkeep\n|turn|22\n|\n|t:|1763322929\n|switch|p2a: Aegislash|Aegislash, M|82/100\n|move|p1a: Chi-Yu|Overheat|p2a: Aegislash\n|-supereffective|p2a: Aegislash\n|-damage|p2a: Aegislash|0 fnt\n|-unboost|p1a: Chi-Yu|spa|2\n|faint|p2a: Aegislash\n|\n|upkeep\n|\n|t:|1763322931\n|switch|p2a: Diamoneye|Diamoneye-Mega, F|100/100\n|-ability|p2a: Diamoneye|Unnerve\n|turn|23\n|\n|t:|1763322940\n|move|p1a: Chi-Yu|Overheat|p2a: Diamoneye\n|-damage|p2a: Diamoneye|40/100\n|-unboost|p1a: Chi-Yu|spa|2\n|move|p2a: Diamoneye|Recover|p2a: Diamoneye\n|-heal|p2a: Diamoneye|90/100\n|\n|upkeep\n|turn|24\n|\n|t:|1763322951\n|switch|p1a: Corviknight|Corviknight-Mega, M|47/100\n|-damage|p1a: Corviknight|35/100|[from] Stealth Rock\n|move|p2a: Diamoneye|Nasty Plot|p2a: Diamoneye\n|-boost|p2a: Diamoneye|spa|2\n|\n|upkeep\n|turn|25\n|\n|t:|1763322964\n|move|p2a: Diamoneye|Shadow Ball|p1a: Corviknight\n|-damage|p1a: Corviknight|0 fnt\n|faint|p1a: Corviknight\n|detailschange|p1: Corviknight|Corviknight, M|[silent]\n|\n|upkeep\n|\n|t:|1763322968\n|switch|p1a: Keldeo|Keldeo-Resolute|100/100\n|-damage|p1a: Keldeo|94/100|[from] Stealth Rock\n|turn|26\n|\n|t:|1763322976\n|move|p2a: Diamoneye|Shadow Ball|p1a: Keldeo\n|-damage|p1a: Keldeo|0 fnt\n|faint|p1a: Keldeo\n|\n|upkeep\n|\n|t:|1763322981\n|switch|p1a: Weezing|Weezing-Galar, M|67/100\n|-damage|p1a: Weezing|54/100|[from] Stealth Rock\n|turn|27\n|c|☆Celeste|mb for miss\n|\n|t:|1763322985\n|move|p2a: Diamoneye|Shadow Ball|p1a: Weezing\n|-damage|p1a: Weezing|0 fnt\n|faint|p1a: Weezing\n|\n|upkeep\n|c|☆liviifailure|it's fine dw\n|\n|t:|1763322990\n|switch|p1a: Chi-Yu|Chi-Yu|23/100\n|-damage|p1a: Chi-Yu|0 fnt|[from] Stealth Rock\n|faint|p1a: Chi-Yu\n|\n|win|Celeste\n|c|☆liviifailure|gg\n","players":["liviifailure","Celeste"],"format":"[Gen 9] NatDex Draft","rating":null,"private":0,"password":null,"inputlog":">version bda41b09cd31ac6b2654126193925bf16eb3bbee\n>start {\"formatid\":\"gen9natdexdraft@@@Tera Type Preview\",\"seed\":\"sodium,4ea6b9f2ecd12426565228210a2ff429\"}\n>player p1 {\"name\":\"liviifailure\",\"avatar\":\"iris-gen5bw2\",\"team\":\"Chi-Yu||ChoiceScarf|BeadsofRuin|Overheat,DarkPulse,Flamethrower,Psychic|Modest|56,,4,252,,196|N|,0,,,,|||,,,,,Stellar]Weezing|WeezingGalar|BabiriBerry|Levitate|StrangeSteam,Aromatherapy,FireBlast,PainSplit|Modest|248,,,180,80,|M|,0,,,,|||,,,,,Stellar]Corviknight||Corviknightite|Pressure|FlashCannon,Hurricane,Roost,Uturn|Timid|248,,84,,,176|M||||,,,,,Stellar]Wigglytuff|Wigglytough|RockyHelmet|NaturalCure|Moonblast,Encore,SoftBoiled,Flamethrower|Bold|252,,224,32,,|M|,0,,,,|||,,,,,Stellar]Mimikyu||Leftovers|Disguise|SwordsDance,ShadowSneak,PlayRough,TeraBlast|Jolly|72,252,,,,184|M||||,,,,,Stellar]Keldeo|KeldeoResolute|Leftovers|Justified|Substitute,CalmMind,SecretSword,HydroPump|Timid|248,,,8,,252|N|,0,,,,|||,,,,,Stellar\",\"rating\":0}\n>player p2 {\"name\":\"Celeste\",\"avatar\":\"lisia\",\"team\":\"Diamoneye||Diamoneyite|Pickpocket|NastyPlot,ShadowBall,FlashCannon,Recover|Modest|60,,,252,,196|F|,0,,,,|||,,,,,Ghost]Great Tusk||RockyHelmet|Protosynthesis|StealthRock,RapidSpin,KnockOff,CloseCombat|Impish|252,,252,,4,|N||||,Fighting,,,,Ground]Zarude||Leftovers|LeafGuard|BulkUp,KnockOff,Roar,JungleHealing|Jolly|36,252,,,4,216|N||||,,,,,Poison]Mesprit||ColburBerry|Levitate|ThunderWave,HealingWish,Uturn,PsychicNoise|Calm|252,,,4,252,|N||||,,,,,Psychic]Aegislash||Leftovers|StanceChange|Substitute,KingsShield,Toxic,ShadowBall|Bold|248,,252,8,,|M|,0,,,,|||,,,,,Water]Dragonite||LifeOrb|Multiscale|Hurricane,Flamethrower,DragonDance,Roost|Timid|,,,252,,252|M|,0,,,,|||,,,,,Dragon\",\"rating\":0}\n>chat ☆Celeste|glhf\n>chat ☆liviifailure|u2\n>chat  The_Shawdoin|I hate that wiggly so much\n>p1 team 4, 2, 3, 1, 5, 6\n>p2 team 2, 1, 3, 4, 5, 6\n>p1 move moonblast\n>p2 move stealthrock\n>p2 switch 5\n>p1 move flamethrower\n>p2 move toxic\n>p1 switch 4\n>p2 move kingsshield\n>p1 move darkpulse\n>p2 move kingsshield\n>p1 move darkpulse\n>p2 switch 3\n>p1 switch 2\n>p2 move knockoff\n>p1 move fireblast\n>p2 move bulkup terastallize\n>p1 move fireblast\n>p2 move junglehealing\n>p1 switch 3\n>p2 move junglehealing\n>p1 move hurricane mega\n>p2 move bulkup\n>p1 move hurricane\n>p2 move knockoff\n>p1 move flashcannon\n>p2 move knockoff\n>p2 switch 4\n>p1 move uturn\n>p2 move psychicnoise\n>p1 switch 5\n>p1 move swordsdance\n>p2 move thunderwave\n>p1 move shadowsneak\n>p2 move thunderwave\n>p1 move playrough\n>p2 move psychicnoise\n>p1 move shadowsneak\n>p2 move healingwish\n>p2 switch 6\n>p1 move shadowsneak terastallize\n>p2 move hurricane\n>p1 switch 4\n>p1 move moonblast\n>p2 move hurricane\n>p2 switch 2\n>p1 move softboiled\n>p2 move flashcannon mega\n>p1 switch 2\n>p1 move overheat\n>p2 move shadowball\n>p1 move overheat\n>p2 switch 3\n>p2 switch 3\n>p1 move overheat\n>p2 move recover\n>p1 switch 5\n>p2 move nastyplot\n>p1 move hurricane\n>p2 move shadowball\n>p1 switch 6\n>p1 move hydropump\n>p2 move shadowball\n>p1 switch 3\n>chat ☆Celeste|mb for miss\n>p1 move painsplit\n>p2 move shadowball\n>chat ☆liviifailure|it's fine dw\n>p1 switch 5","uploadtime":1763322995}