{"id":"gen9natdexdraft-190","log":"|j|☆SoCozi\n|j|☆Bigg Lad\n|t:|1766025181\n|gametype|singles\n|player|p1|SoCozi|169|\n|player|p2|Bigg Lad|2|\n|gen|9\n|tier|[Gen 9] NatDex Draft\n|rule|Sleep Clause Mod: Limit one foe put to sleep\n|rule|OHKO Clause: OHKO moves are banned\n|rule|Evasion Clause: Evasion abilities, items, and moves are banned\n|rule|Evasion Abilities Clause: Evasion abilities are banned\n|rule|Evasion Items Clause: Evasion items are banned\n|rule|Evasion Moves Clause: Evasion moves are banned\n|rule|Endless Battle Clause: Forcing endless battles is banned\n|rule|HP Percentage Mod: HP is shown in percentages\n|clearpoke\n|poke|p1|Froslass, F|\n|poke|p1|Corviknight, M|\n|poke|p1|Great Tusk|\n|poke|p1|Chi-Yu|\n|poke|p1|Tapu Fini|\n|poke|p1|Ditto|\n|poke|p2|Gigalith, F|\n|poke|p2|Sneasler, F|\n|poke|p2|Kingambit, M|\n|poke|p2|Dracovish|\n|poke|p2|Corsola-Galar, M|\n|poke|p2|Dracozolt|\n|teampreview\n|c|☆SoCozi|glhf\n|c|☆Bigg Lad|u2\n|\n|t:|1766025223\n|teamsize|p1|6\n|teamsize|p2|6\n|start\n|switch|p1a: Great Tusk|Great Tusk|100/100\n|switch|p2a: clean up crew|Dracovish, shiny|100/100\n|turn|1\n|\n|t:|1766025229\n|-end|p1a: Great Tusk|Protosynthesis|[silent]\n|switch|p1a: Tapu Fini|Tapu Fini|100/100\n|-fieldstart|move: Misty Terrain|[from] ability: Misty Surge|[of] p1a: Tapu Fini\n|move|p2a: clean up crew|Fishious Rend|p1a: Tapu Fini\n|-resisted|p1a: Tapu Fini\n|-damage|p1a: Tapu Fini|56/100\n|\n|-heal|p1a: Tapu Fini|62/100|[from] item: Leftovers\n|upkeep\n|turn|2\n|\n|t:|1766025258\n|switch|p2a: jiggle it|Gigalith, F|100/100\n|-weather|Sandstorm|[from] ability: Sand Stream|[of] p2a: jiggle it\n|move|p1a: Tapu Fini|Scald|p2a: jiggle it\n|-supereffective|p2a: jiggle it\n|-crit|p2a: jiggle it\n|-damage|p2a: jiggle it|57/100\n|\n|-weather|Sandstorm|[upkeep]\n|-damage|p1a: Tapu Fini|56/100|[from] Sandstorm\n|-heal|p1a: Tapu Fini|62/100|[from] item: Leftovers\n|upkeep\n|turn|3\n|\n|t:|1766025269\n|switch|p1a: Corviknight|Corviknight, M|100/100\n|-ability|p1a: Corviknight|Pressure\n|move|p2a: jiggle it|Stealth Rock|p1a: Corviknight\n|-sidestart|p1: SoCozi|move: Stealth Rock\n|\n|-weather|Sandstorm|[upkeep]\n|upkeep\n|turn|4\n|\n|t:|1766025285\n|switch|p2a: clean up crew|Dracovish, shiny|100/100\n|move|p1a: Corviknight|Defog|p2a: clean up crew\n|-unboost|p2a: clean up crew|evasion|1\n|-sideend|p1: SoCozi|Stealth Rock|[from] move: Defog|[of] p1a: Corviknight\n|-fieldend|Misty Terrain\n|\n|-weather|Sandstorm|[upkeep]\n|upkeep\n|turn|5\n|\n|t:|1766025301\n|move|p2a: clean up crew|Fishious Rend|p1a: Corviknight\n|-damage|p1a: Corviknight|33/100\n|-damage|p2a: clean up crew|84/100|[from] item: Rocky Helmet|[of] p1a: Corviknight\n|move|p1a: Corviknight|Body Press|p2a: clean up crew\n|-damage|p2a: clean up crew|55/100\n|\n|-weather|Sandstorm|[upkeep]\n|upkeep\n|turn|6\n|\n|t:|1766025314\n|move|p2a: clean up crew|Fishious Rend|p1a: Corviknight\n|-damage|p1a: Corviknight|0 fnt\n|-damage|p2a: clean up crew|39/100|[from] item: Rocky Helmet|[of] p1a: Corviknight\n|faint|p1a: Corviknight\n|\n|-weather|Sandstorm|[upkeep]\n|upkeep\n|\n|t:|1766025319\n|switch|p1a: Ditto|Ditto|100/100\n|-transform|p1a: Ditto|p2a: clean up crew|[from] ability: Imposter\n|turn|7\n|\n|t:|1766025331\n|switch|p2a: black dhalia|Corsola-Galar, M|100/100\n|move|p1a: Ditto|Fishious Rend|p2a: black dhalia\n|-damage|p2a: black dhalia|47/100\n|\n|-weather|Sandstorm|[upkeep]\n|-damage|p2a: black dhalia|41/100|[from] Sandstorm\n|upkeep\n|turn|8\n|\n|t:|1766025351\n|switch|p2a: clean up crew|Dracovish, shiny|39/100\n|move|p1a: Ditto|Fishious Rend|p2a: clean up crew\n|-resisted|p2a: clean up crew\n|-damage|p2a: clean up crew|20/100\n|\n|-weather|Sandstorm|[upkeep]\n|upkeep\n|turn|9\n|\n|t:|1766025363\n|move|p1a: Ditto|Fishious Rend|p2a: clean up crew\n|-resisted|p2a: clean up crew\n|-damage|p2a: clean up crew|0 fnt\n|faint|p2a: clean up crew\n|\n|-weather|none\n|upkeep\n|\n|t:|1766025382\n|switch|p2a: janitorial staff|Dracozolt|100/100\n|turn|10\n|\n|t:|1766025393\n|switch|p1a: Great Tusk|Great Tusk|100/100\n|move|p2a: janitorial staff|Draco Meteor|p1a: Great Tusk|[miss]\n|-miss|p2a: janitorial staff|p1a: Great Tusk\n|\n|upkeep\n|turn|11\n|c|☆Bigg Lad|:(\n|\n|t:|1766025422\n|switch|p2a: black dhalia|Corsola-Galar, M|41/100\n|move|p1a: Great Tusk|Headlong Rush|p2a: black dhalia\n|-damage|p2a: black dhalia|3/100\n|-unboost|p1a: Great Tusk|def|1\n|-unboost|p1a: Great Tusk|spd|1\n|\n|upkeep\n|turn|12\n|\n|t:|1766025430\n|move|p1a: Great Tusk|Ice Spinner|p2a: black dhalia\n|-damage|p2a: black dhalia|0 fnt\n|faint|p2a: black dhalia\n|\n|upkeep\n|\n|t:|1766025449\n|switch|p2a: saint von|Sneasler, F|100/100\n|-item|p2a: saint von|Air Balloon\n|turn|13\n|\n|t:|1766025454\n|move|p2a: saint von|Swords Dance|p2a: saint von\n|-boost|p2a: saint von|atk|2\n|move|p1a: Great Tusk|Rapid Spin|p2a: saint von\n|-damage|p2a: saint von|72/100\n|-boost|p1a: Great Tusk|spe|1\n|-enditem|p2a: saint von|Air Balloon\n|\n|upkeep\n|turn|14\n|\n|t:|1766025463\n|move|p2a: saint von|Close Combat|p1a: Great Tusk\n|-damage|p1a: Great Tusk|0 fnt\n|-unboost|p2a: saint von|def|1\n|-unboost|p2a: saint von|spd|1\n|faint|p1a: Great Tusk\n|-end|p1a: Great Tusk|Protosynthesis|[silent]\n|\n|upkeep\n|\n|t:|1766025470\n|switch|p1a: Ditto|Ditto|100/100\n|-transform|p1a: Ditto|p2a: saint von|[from] ability: Imposter\n|turn|15\n|\n|t:|1766025484\n|move|p2a: saint von|Acrobatics|p1a: Ditto\n|-supereffective|p1a: Ditto\n|-damage|p1a: Ditto|0 fnt\n|faint|p1a: Ditto\n|\n|upkeep\n|\n|t:|1766025506\n|switch|p1a: Froslass|Froslass, F|100/100\n|turn|16\n|\n|t:|1766025511\n|detailschange|p1a: Froslass|Froslass-Mega-ZA, F\n|-mega|p1a: Froslass|Froslass|FroslassiteZA\n|-weather|Snowscape|[from] ability: Snow Warning|[of] p1a: Froslass\n|move|p2a: saint von|Acrobatics|p1a: Froslass\n|-damage|p1a: Froslass|24/100\n|move|p1a: Froslass|Blizzard|p2a: saint von\n|-damage|p2a: saint von|0 fnt\n|faint|p2a: saint von\n|\n|-weather|Snowscape|[upkeep]\n|upkeep\n|\n|t:|1766025520\n|switch|p2a: Don Vito Corleone|Kingambit, M|100/100\n|-activate|p2a: Don Vito Corleone|ability: Supreme Overlord\n|-start|p2a: Don Vito Corleone|fallen3|[silent]\n|turn|17\n|\n|t:|1766025528\n|switch|p1a: Chi-Yu|Chi-Yu|100/100\n|-ability|p1a: Chi-Yu|Beads of Ruin\n|move|p2a: Don Vito Corleone|Iron Head|p1a: Chi-Yu\n|-resisted|p1a: Chi-Yu\n|-damage|p1a: Chi-Yu|54/100\n|\n|-weather|Snowscape|[upkeep]\n|upkeep\n|turn|18\n|\n|t:|1766025539\n|-end|p2a: Don Vito Corleone|fallen3|[silent]\n|switch|p2a: jiggle it|Gigalith, F|57/100\n|-weather|Sandstorm|[from] ability: Sand Stream|[of] p2a: jiggle it\n|move|p1a: Chi-Yu|Will-O-Wisp|p2a: jiggle it\n|-status|p2a: jiggle it|brn\n|\n|-weather|Sandstorm|[upkeep]\n|-damage|p1a: Chi-Yu|48/100|[from] Sandstorm\n|-damage|p2a: jiggle it|50/100 brn|[from] brn\n|upkeep\n|turn|19\n|\n|t:|1766025550\n|switch|p1a: Tapu Fini|Tapu Fini|62/100\n|-fieldstart|move: Misty Terrain|[from] ability: Misty Surge|[of] p1a: Tapu Fini\n|move|p2a: jiggle it|Stealth Rock|p1a: Tapu Fini\n|-sidestart|p1: SoCozi|move: Stealth Rock\n|\n|-weather|Sandstorm|[upkeep]\n|-damage|p1a: Tapu Fini|56/100|[from] Sandstorm\n|-heal|p1a: Tapu Fini|62/100|[from] item: Leftovers\n|-damage|p2a: jiggle it|44/100 brn|[from] brn\n|upkeep\n|turn|20\n|\n|t:|1766025565\n|move|p1a: Tapu Fini|Defog|p2a: jiggle it\n|-unboost|p2a: jiggle it|evasion|1\n|-sideend|p1: SoCozi|Stealth Rock|[from] move: Defog|[of] p1a: Tapu Fini\n|-fieldend|Misty Terrain\n|move|p2a: jiggle it|Stone Edge|p1a: Tapu Fini|[miss]\n|-miss|p2a: jiggle it|p1a: Tapu Fini\n|\n|-weather|Sandstorm|[upkeep]\n|-damage|p1a: Tapu Fini|56/100|[from] Sandstorm\n|-heal|p1a: Tapu Fini|62/100|[from] item: Leftovers\n|-damage|p2a: jiggle it|38/100 brn|[from] brn\n|upkeep\n|turn|21\n|\n|t:|1766025590\n|switch|p2a: janitorial staff|Dracozolt|100/100\n|move|p1a: Tapu Fini|Scald|p2a: janitorial staff\n|-resisted|p2a: janitorial staff\n|-damage|p2a: janitorial staff|80/100\n|\n|-weather|Sandstorm|[upkeep]\n|-damage|p1a: Tapu Fini|56/100|[from] Sandstorm\n|-heal|p1a: Tapu Fini|62/100|[from] item: Leftovers\n|upkeep\n|turn|22\n|\n|t:|1766025604\n|move|p2a: janitorial staff|Bolt Beak|p1a: Tapu Fini\n|-supereffective|p1a: Tapu Fini\n|-damage|p1a: Tapu Fini|0 fnt\n|faint|p1a: Tapu Fini\n|\n|-weather|Sandstorm|[upkeep]\n|upkeep\n|\n|t:|1766025609\n|switch|p1a: Froslass|Froslass-Mega-ZA, F|24/100\n|-weather|Snowscape|[from] ability: Snow Warning|[of] p1a: Froslass\n|turn|23\n|\n|t:|1766025618\n|switch|p2a: Don Vito Corleone|Kingambit, M|100/100\n|-activate|p2a: Don Vito Corleone|ability: Supreme Overlord\n|-start|p2a: Don Vito Corleone|fallen3|[silent]\n|move|p1a: Froslass|Blizzard|p2a: Don Vito Corleone\n|-resisted|p2a: Don Vito Corleone\n|-damage|p2a: Don Vito Corleone|80/100\n|\n|-weather|Snowscape|[upkeep]\n|upkeep\n|turn|24\n|\n|t:|1766025627\n|move|p1a: Froslass|Aurora Veil|p1a: Froslass\n|-sidestart|p1: SoCozi|move: Aurora Veil\n|move|p2a: Don Vito Corleone|Iron Head|p1a: Froslass\n|-supereffective|p1a: Froslass\n|-damage|p1a: Froslass|0 fnt\n|faint|p1a: Froslass\n|detailschange|p1: Froslass|Froslass, F|[silent]\n|\n|-weather|Snowscape|[upkeep]\n|upkeep\n|\n|t:|1766025633\n|switch|p1a: Chi-Yu|Chi-Yu|48/100\n|-ability|p1a: Chi-Yu|Beads of Ruin\n|turn|25\n|\n|t:|1766025638\n|-end|p2a: Don Vito Corleone|fallen3|[silent]\n|switch|p2a: jiggle it|Gigalith, F|38/100 brn\n|-weather|Sandstorm|[from] ability: Sand Stream|[of] p2a: jiggle it\n|move|p1a: Chi-Yu|Flamethrower|p2a: jiggle it\n|-resisted|p2a: jiggle it\n|-damage|p2a: jiggle it|13/100 brn\n|\n|-weather|Sandstorm|[upkeep]\n|-damage|p1a: Chi-Yu|42/100|[from] Sandstorm\n|-damage|p2a: jiggle it|7/100 brn|[from] brn\n|upkeep\n|turn|26\n|\n|t:|1766025648\n|move|p1a: Chi-Yu|Flamethrower|p2a: jiggle it\n|-resisted|p2a: jiggle it\n|-damage|p2a: jiggle it|0 fnt\n|faint|p2a: jiggle it\n|\n|-weather|Sandstorm|[upkeep]\n|-damage|p1a: Chi-Yu|36/100|[from] Sandstorm\n|upkeep\n|\n|t:|1766025650\n|switch|p2a: janitorial staff|Dracozolt|80/100\n|turn|27\n|\n|t:|1766025655\n|move|p2a: janitorial staff|Bolt Beak|p1a: Chi-Yu\n|-damage|p1a: Chi-Yu|0 fnt\n|faint|p1a: Chi-Yu\n|\n|win|Bigg Lad\n|c|☆Bigg Lad|gg\n","players":["SoCozi","Bigg Lad"],"format":"[Gen 9] NatDex Draft","rating":null,"private":0,"password":null,"inputlog":">version a2ec0c799a860c11f69fe9bab100ad86fb9dfb0a\n>start {\"formatid\":\"gen9natdexdraft\",\"seed\":\"sodium,522d3f03b5d4c2366ba59e4285bd8315\"}\n>player p1 {\"name\":\"SoCozi\",\"avatar\":\"169\",\"team\":\"Froslass||FroslassiteZA|CursedBody|Blizzard,ShadowBall,AuroraVeil,WillOWisp|Timid|,,4,252,,252|F|,0,,,,|||,,,,,Ice]Corviknight||RockyHelmet|Pressure|Roost,BraveBird,BodyPress,Defog|Impish|248,8,252,,,|M||||,,,,,Flying]Great Tusk||Leftovers|Protosynthesis|StealthRock,RapidSpin,HeadlongRush,IceSpinner|Jolly|252,96,,,,160|N||||,Fighting,,,,Ground]Chi-Yu||ChoiceSpecs|BeadsofRuin|DarkPulse,Overheat,Flamethrower,WillOWisp|Timid|,,96,252,,160|N|,0,,,,|||,,,,,Dark]Tapu Fini||Leftovers|MistySurge|Scald,Defog,Moonblast,CalmMind|Bold|252,,72,,112,72|N|,0,,,,|||,,,,,Water]Ditto||ChoiceScarf|Imposter|Transform|Jolly|252,4,,,,252|N||||,,,,,Normal\",\"rating\":0}\n>player p2 {\"name\":\"Bigg Lad\",\"avatar\":\"2\",\"team\":\"jiggle it|Gigalith|SmoothRock|SandStream|StealthRock,Earthquake,StoneEdge,Toxic|Careful|252,4,,,252,|F||||,,,,,Rock]saint von|Sneasler|AirBalloon|Unburden|SwordsDance,Acrobatics,DireClaw,CloseCombat|Jolly|,252,,,4,252|F||||,,,,,Fighting]Don Vito Corleone|Kingambit|AssaultVest|SupremeOverlord|KowtowCleave,SuckerPunch,KnockOff,IronHead|Adamant|252,252,,,4,|M||||,,,,,Dark]clean up crew|Dracovish|ChoiceBand|SandRush|FishiousRend,IceFang,PsychicFangs,Outrage|Adamant|,252,,,4,252|N||S||,,,,,Water]black dhalia|CorsolaGalar|Eviolite|CursedBody|WillOWisp,StrengthSap,Haze,NightShade|Calm|252,,4,,252,|M|,0,,,,|||,,,,,Ghost]janitorial staff|Dracozolt|ChoiceBand|SandRush|BoltBeak,DracoMeteor,DragonClaw,StoneEdge|Naughty|,252,,4,,252|N||||,,,,,Electric\",\"rating\":0}\n>chat ☆SoCozi|glhf\n>chat ☆Bigg Lad|u2\n>p1 team 3, 2, 1, 4, 5, 6\n>p2 team 4, 2, 3, 1, 5, 6\n>p1 switch 5\n>p2 move fishiousrend\n>p1 move scald\n>p2 switch 4\n>p1 switch 2\n>p2 move stealthrock\n>p1 move defog\n>p2 switch 4\n>p1 move bodypress\n>p2 move fishiousrend\n>p1 move roost\n>p2 move fishiousrend\n>p1 switch 6\n>p1 move fishiousrend\n>p2 switch 5\n>p1 move fishiousrend\n>p2 switch 5\n>p1 move fishiousrend\n>p2 move outrage\n>p2 switch 6\n>p1 switch 5\n>p2 move dracometeor\n>chat ☆Bigg Lad|:(\n>p1 move headlongrush\n>p2 switch 5\n>p1 move icespinner\n>p2 move strengthsap\n>p2 switch 2\n>p1 move rapidspin\n>p2 move swordsdance\n>p1 move headlongrush\n>p2 move closecombat\n>p1 switch 5\n>p1 move acrobatics\n>p2 move acrobatics\n>p1 switch 3\n>p1 move blizzard mega\n>p2 move acrobatics\n>p2 switch 3\n>p1 switch 4\n>p2 move ironhead\n>p1 move willowisp\n>p2 switch 4\n>p1 switch 2\n>p2 move stealthrock\n>p1 move defog\n>p2 move stoneedge\n>p1 move scald\n>p2 switch 5\n>p1 move moonblast\n>p2 move boltbeak\n>p1 switch 4\n>p1 move blizzard\n>p2 switch 4\n>p1 move auroraveil\n>p2 move ironhead\n>p1 switch 2\n>p1 move flamethrower\n>p2 switch 5\n>p1 move flamethrower\n>p2 move stoneedge\n>p2 switch 4\n>p1 move flamethrower\n>p2 move boltbeak","uploadtime":1766025660}