{"id":"gen9natdexdraft-209","log":"|j|☆skipprthepenguin\n|j|☆BlissfulSky\n|t:|1762117812\n|gametype|singles\n|player|p1|skipprthepenguin|266|\n|player|p2|BlissfulSky|101|\n|gen|9\n|tier|[Gen 9] NatDex Draft\n|rule|Tera Type Preview: Tera Types are shown at Team Preview\n|rule|Sleep Clause Mod: Limit one foe put to sleep\n|rule|OHKO Clause: OHKO moves are banned\n|rule|Evasion Clause: Evasion abilities, items, and moves are banned\n|rule|Evasion Abilities Clause: Evasion abilities are banned\n|rule|Evasion Items Clause: Evasion items are banned\n|rule|Evasion Moves Clause: Evasion moves are banned\n|rule|Endless Battle Clause: Forcing endless battles is banned\n|rule|HP Percentage Mod: HP is shown in percentages\n|raw|<div class=\"infobox\"><details class=\"readmore\" open><summary><strong>1 custom rule:</strong></summary> Tera Type Preview</details></div>\n|clearpoke\n|poke|p1|Chien-Pao|\n|poke|p1|Paleogeist, F|\n|poke|p1|Iron Valiant|\n|poke|p1|Noivern, M|\n|poke|p1|Blastoise, F|\n|poke|p1|Mamoswine, F|\n|poke|p2|Empoleon, F|\n|poke|p2|Volcarona, M|\n|poke|p2|Roserade-Hell, F|\n|poke|p2|Latias, F|\n|poke|p2|Spike Claw, F|\n|poke|p2|Bronzong|\n|raw|skipprthepenguin's Tera Types:<br /><psicon pokemon=\"chienpao\" /><psicon type=\"Dark\" /> / <psicon pokemon=\"paleogeist\" /><psicon type=\"Steel\" /> / <psicon pokemon=\"ironvaliant\" /><psicon type=\"Fairy\" /> / <psicon pokemon=\"noivern\" /><psicon type=\"Flying\" /> / <psicon pokemon=\"blastoise\" /><psicon type=\"Dark\" /> / <psicon pokemon=\"mamoswine\" /><psicon type=\"Ice\" />\n|raw|BlissfulSky's Tera Types:<br /><psicon pokemon=\"empoleon\" /><psicon type=\"Water\" /> / <psicon pokemon=\"volcarona\" /><psicon type=\"Bug\" /> / <psicon pokemon=\"roseradehell\" /><psicon type=\"Dark\" /> / <psicon pokemon=\"latias\" /><psicon type=\"Dragon\" /> / <psicon pokemon=\"spikeclaw\" /><psicon type=\"Grass\" /> / <psicon pokemon=\"bronzong\" /><psicon type=\"Steel\" />\n|teampreview\n|c|☆BlissfulSky|Glhf\n|c|☆skipprthepenguin|glhf\n|\n|t:|1762117919\n|teamsize|p1|6\n|teamsize|p2|6\n|start\n|switch|p1a: Chien-Pao|Chien-Pao|100/100\n|switch|p2a: Bronzong|Bronzong|100/100\n|-ability|p1a: Chien-Pao|Sword of Ruin\n|turn|1\n|\n|t:|1762117951\n|move|p1a: Chien-Pao|Crunch|p2a: Bronzong\n|-supereffective|p2a: Bronzong\n|-damage|p2a: Bronzong|0 fnt\n|faint|p2a: Bronzong\n|\n|upkeep\n|c|☆BlissfulSky|Dang\n|\n|t:|1762117991\n|switch|p2a: Roserade-Hell|Roserade-Hell, F|100/100\n|turn|2\n|j|~SparksTheNeo\n|\n|t:|1762118013\n|switch|p1a: Blastoise|Blastoise, F|100/100\n|detailschange|p2a: Roserade-Hell|Roserade-Hell-Mega, F\n|-mega|p2a: Roserade-Hell|Roserade-Hell|Roseradite HELL\n|move|p2a: Roserade-Hell|Play Rough|p1a: Blastoise\n|-damage|p1a: Blastoise|52/100\n|\n|upkeep\n|turn|3\n|\n|t:|1762118038\n|move|p2a: Roserade-Hell|Wicked Blow|p1a: Blastoise\n|-crit|p1a: Blastoise\n|-damage|p1a: Blastoise|0 fnt\n|faint|p1a: Blastoise\n|-ability|p2a: Roserade-Hell|Moxie|boost\n|-boost|p2a: Roserade-Hell|atk|1\n|\n|upkeep\n|\n|t:|1762118060\n|switch|p1a: Chien-Pao|Chien-Pao|100/100\n|-ability|p1a: Chien-Pao|Sword of Ruin\n|turn|4\n|\n|t:|1762118082\n|switch|p1a: Mamoswine|Mamoswine, F|100/100\n|switch|p2a: Empoleon|Empoleon, F|100/100\n|\n|upkeep\n|turn|5\n|\n|t:|1762118109\n|switch|p2a: Spike Claw|Spike Claw, F|100/100\n|-enditem|p2a: Spike Claw|Booster Energy\n|-activate|p2a: Spike Claw|ability: Protosynthesis|[fromitem]\n|-start|p2a: Spike Claw|protosynthesisspe\n|move|p1a: Mamoswine|Trailblaze|p2a: Spike Claw\n|-resisted|p2a: Spike Claw\n|-damage|p2a: Spike Claw|89/100\n|-boost|p1a: Mamoswine|spe|1\n|\n|upkeep\n|turn|6\n|\n|t:|1762118186\n|switch|p1a: Noivern|Noivern, M|100/100\n|move|p2a: Spike Claw|Seed Bomb|p1a: Noivern\n|-resisted|p1a: Noivern\n|-damage|p1a: Noivern|87/100\n|\n|upkeep\n|turn|7\n|\n|t:|1762118214\n|move|p2a: Spike Claw|Acrobatics|p1a: Noivern\n|-damage|p1a: Noivern|41/100\n|move|p1a: Noivern|Draco Meteor|p2a: Spike Claw\n|-damage|p2a: Spike Claw|0 fnt\n|-unboost|p1a: Noivern|spa|2\n|faint|p2a: Spike Claw\n|-end|p2a: Spike Claw|Protosynthesis|[silent]\n|\n|upkeep\n|\n|t:|1762118221\n|switch|p2a: Roserade-Hell|Roserade-Hell-Mega, F|100/100\n|turn|8\n|\n|t:|1762118243\n|move|p2a: Roserade-Hell|Play Rough|p1a: Noivern\n|-supereffective|p1a: Noivern\n|-damage|p1a: Noivern|0 fnt\n|faint|p1a: Noivern\n|-ability|p2a: Roserade-Hell|Moxie|boost\n|-boost|p2a: Roserade-Hell|atk|1\n|\n|upkeep\n|\n|t:|1762118249\n|switch|p1a: Chien-Pao|Chien-Pao|100/100\n|-ability|p1a: Chien-Pao|Sword of Ruin\n|turn|9\n|\n|t:|1762118292\n|move|p1a: Chien-Pao|Ice Spinner|p2a: Roserade-Hell\n|-damage|p2a: Roserade-Hell|0 fnt\n|faint|p2a: Roserade-Hell\n|detailschange|p2: Roserade-Hell|Roserade-Hell, F|[silent]\n|\n|upkeep\n|\n|t:|1762118302\n|switch|p2a: Volcarona|Volcarona, M|100/100\n|turn|10\n|\n|t:|1762118339\n|move|p1a: Chien-Pao|Ice Spinner|p2a: Volcarona\n|-resisted|p2a: Volcarona\n|-crit|p2a: Volcarona\n|-damage|p2a: Volcarona|17/100\n|move|p2a: Volcarona|Quiver Dance|p2a: Volcarona\n|-boost|p2a: Volcarona|spa|1\n|-boost|p2a: Volcarona|spd|1\n|-boost|p2a: Volcarona|spe|1\n|\n|upkeep\n|turn|11\n|\n|t:|1762118361\n|move|p2a: Volcarona|Fiery Dance|p1a: Chien-Pao\n|-supereffective|p1a: Chien-Pao\n|-damage|p1a: Chien-Pao|0 fnt\n|-boost|p2a: Volcarona|spa|1\n|faint|p1a: Chien-Pao\n|\n|upkeep\n|\n|t:|1762118372\n|switch|p1a: Mamoswine|Mamoswine, F|100/100\n|turn|12\n|\n|t:|1762118376\n|move|p2a: Volcarona|Giga Drain|p1a: Mamoswine\n|-supereffective|p1a: Mamoswine\n|-damage|p1a: Mamoswine|0 fnt\n|-heal|p2a: Volcarona|75/100|[from] drain|[of] p1a: Mamoswine\n|faint|p1a: Mamoswine\n|\n|upkeep\n|\n|t:|1762118385\n|switch|p1a: Paleogeist|Paleogeist, F|100/100\n|turn|13\n|\n|t:|1762118402\n|move|p2a: Volcarona|Giga Drain|p1a: Paleogeist\n|-supereffective|p1a: Paleogeist\n|-damage|p1a: Paleogeist|14/100\n|-heal|p2a: Volcarona|100/100|[from] drain|[of] p1a: Paleogeist\n|move|p1a: Paleogeist|Rock Wrecker|p2a: Volcarona\n|-supereffective|p2a: Volcarona\n|-damage|p2a: Volcarona|0 fnt\n|faint|p2a: Volcarona\n|\n|-heal|p1a: Paleogeist|20/100|[from] item: Leftovers\n|upkeep\n|\n|t:|1762118415\n|switch|p2a: Empoleon|Empoleon, F|100/100\n|turn|14\n|\n|t:|1762118423\n|-terastallize|p1a: Paleogeist|Steel\n|move|p2a: Empoleon|Flash Cannon|p1a: Paleogeist\n|-resisted|p1a: Paleogeist\n|-damage|p1a: Paleogeist|8/100\n|move|p1a: Paleogeist|Slack Off|p1a: Paleogeist\n|-heal|p1a: Paleogeist|58/100\n|\n|-heal|p1a: Paleogeist|64/100|[from] item: Leftovers\n|upkeep\n|turn|15\n|c|☆BlissfulSky|Oh nooo\n|c|☆skipprthepenguin|:(\n|\n|t:|1762118451\n|move|p2a: Empoleon|Flash Cannon|p1a: Paleogeist\n|-resisted|p1a: Paleogeist\n|-damage|p1a: Paleogeist|53/100\n|move|p1a: Paleogeist|Slack Off|p1a: Paleogeist\n|-heal|p1a: Paleogeist|100/100\n|\n|upkeep\n|turn|16\n|\n|t:|1762118461\n|move|p2a: Empoleon|Flip Turn|p1a: Paleogeist\n|-damage|p1a: Paleogeist|88/100\n|\n|t:|1762118463\n|switch|p2a: Latias|Latias, F|100/100|[from] Flip Turn\n|move|p1a: Paleogeist|Hammer Arm|p2a: Latias\n|-resisted|p2a: Latias\n|-damage|p2a: Latias|81/100\n|-unboost|p1a: Paleogeist|spe|1\n|\n|-heal|p1a: Paleogeist|94/100|[from] item: Leftovers\n|upkeep\n|turn|17\n|\n|t:|1762118475\n|move|p2a: Latias|Protect|p2a: Latias\n|-singleturn|p2a: Latias|Protect\n|-ability|p1a: Paleogeist|Sheer Willpower\n|-message|Paleogeist's Phantom Force hits instantly!\n|move|p1a: Paleogeist|Phantom Force||[still]\n|-prepare|p1a: Paleogeist|Phantom Force\n|-anim|p1a: Paleogeist|Phantom Force|p2a: Latias\n|-activate|p2a: Latias|move: Phantom Force|[broken]\n|-supereffective|p2a: Latias\n|-crit|p2a: Latias\n|-damage|p2a: Latias|0 fnt\n|faint|p2a: Latias\n|\n|-heal|p1a: Paleogeist|99/100|[from] item: Leftovers\n|upkeep\n|\n|t:|1762118483\n|switch|p2a: Empoleon|Empoleon, F|100/100\n|turn|18\n|\n|t:|1762118489\n|move|p2a: Empoleon|Flash Cannon|p1a: Paleogeist\n|-resisted|p1a: Paleogeist\n|-damage|p1a: Paleogeist|89/100\n|move|p1a: Paleogeist|Hammer Arm|p2a: Empoleon\n|-supereffective|p2a: Empoleon\n|-damage|p2a: Empoleon|20/100\n|-unboost|p1a: Paleogeist|spe|1\n|\n|-heal|p2a: Empoleon|27/100|[from] item: Leftovers\n|-heal|p1a: Paleogeist|95/100|[from] item: Leftovers\n|upkeep\n|turn|19\n|\n|t:|1762118496\n|move|p2a: Empoleon|Roost|p2a: Empoleon\n|-heal|p2a: Empoleon|77/100\n|-singleturn|p2a: Empoleon|move: Roost\n|-ability|p1a: Paleogeist|Sheer Willpower\n|-message|Paleogeist's Phantom Force hits instantly!\n|move|p1a: Paleogeist|Phantom Force||[still]\n|-prepare|p1a: Paleogeist|Phantom Force\n|-anim|p1a: Paleogeist|Phantom Force|p2a: Empoleon\n|-damage|p2a: Empoleon|25/100\n|\n|-heal|p2a: Empoleon|31/100|[from] item: Leftovers\n|-heal|p1a: Paleogeist|100/100|[from] item: Leftovers\n|upkeep\n|turn|20\n|\n|t:|1762118506\n|move|p2a: Empoleon|Roost|p2a: Empoleon\n|-heal|p2a: Empoleon|81/100\n|-singleturn|p2a: Empoleon|move: Roost\n|move|p1a: Paleogeist|Hammer Arm|p2a: Empoleon\n|-supereffective|p2a: Empoleon\n|-damage|p2a: Empoleon|7/100\n|-unboost|p1a: Paleogeist|spe|1\n|\n|-heal|p2a: Empoleon|14/100|[from] item: Leftovers\n|upkeep\n|turn|21\n|\n|t:|1762118511\n|move|p2a: Empoleon|Roost|p2a: Empoleon\n|-heal|p2a: Empoleon|64/100\n|-singleturn|p2a: Empoleon|move: Roost\n|move|p1a: Paleogeist|Hammer Arm|p2a: Empoleon\n|-supereffective|p2a: Empoleon\n|-damage|p2a: Empoleon|0 fnt\n|-unboost|p1a: Paleogeist|spe|1\n|faint|p2a: Empoleon\n|\n|win|skipprthepenguin\n|c|☆BlissfulSky|Gg wp\n|c|☆skipprthepenguin|gg\\\n","players":["skipprthepenguin","BlissfulSky"],"format":"[Gen 9] NatDex Draft","rating":null,"private":0,"password":null,"inputlog":">version 2352b00944e7462b49311a255b814d2e23110915\n>start {\"formatid\":\"gen9natdexdraft@@@Tera Type Preview\",\"seed\":\"sodium,b2114927d8226b42b4f2b6969980d218\"}\n>player p1 {\"name\":\"skipprthepenguin\",\"avatar\":\"266\",\"team\":\"Chien-Pao||ChoiceBand|SwordofRuin|IceSpinner,Crunch,SuckerPunch,IceShard|Jolly|80,252,,,,176|N||||,,,,,Dark]Paleogeist||Leftovers|SheerWillpower|RockWrecker,PhantomForce,HammerArm,SlackOff|Adamant|244,252,,,12,|F||||,,,,,Steel]Iron Valiant||BoosterEnergy|QuarkDrive|SpiritBreak,CloseCombat,KnockOff,SwordsDance|Jolly|48,252,,,,208|N||||,,,,,Fairy]Noivern||ChoiceSpecs|Frisk|DracoMeteor,Hurricane,ShadowBall,Uturn|Modest|4,,,252,,252|M||||,,,,,Flying]Blastoise||AssaultVest|Torrent|Surf,DarkPulse,IceBeam,RapidSpin|Modest|252,,4,252,,|F||||,,,,,Dark]Mamoswine||AssaultVest|ThickFat|IcicleSpear,StoneEdge,Earthquake,Trailblaze|Adamant|104,252,,,,152|F||||,,,,,Ice\",\"rating\":0}\n>player p2 {\"name\":\"BlissfulSky\",\"avatar\":\"101\",\"team\":\"Empoleon||Leftovers|Competitive|FlashCannon,Roost,FlipTurn,Defog|Sassy|252,,,4,252,|F|,,,,,0|||,,,,,Water]Volcarona||FlamePlate|FlameBody|QuiverDance,FieryDance,GigaDrain,AirSlash|Timid|96,,,252,,160|M|,0,,,,|||,,,,,Bug]Roserade-Hell||RoseraditeHELL|NaturalCure|SwordsDance,SacredSword,PlayRough,WickedBlow|Jolly|4,252,,,,252|F||||,,,,,Dark]Latias||HeavyDutyBoots|Levitate|Wish,Protect,MistBall,Defog|Calm|252,,4,,252,|F|,0,,,,|||,,,,,Dragon]Spike Claw||BoosterEnergy|Protosynthesis|StrengthSap,SwordsDance,SeedBomb,Acrobatics|Jolly|44,212,,,,252|F||||,,,,,Grass]Bronzong||LightClay|Levitate|StealthRock,FutureSight,LightScreen,Reflect|Impish|252,,252,,4,|N|,0,,,,|||,,,,,Steel\",\"rating\":0}\n>chat ☆BlissfulSky|Glhf\n>chat ☆skipprthepenguin|glhf\n>p1 team 1, 2, 3, 4, 5, 6\n>p2 team 6, 2, 3, 4, 5, 1\n>p1 move crunch\n>p2 move reflect\n>chat ☆BlissfulSky|Dang\n>p2 switch 3\n>p1 switch 5\n>p2 move playrough mega\n>p1 move surf\n>p2 move wickedblow\n>p1 switch 5\n>p1 switch 6\n>p2 switch 6\n>p1 move trailblaze\n>p2 switch 5\n>p1 switch 4\n>p2 move seedbomb\n>p1 move dracometeor\n>p2 move acrobatics\n>p2 switch 6\n>p1 move dracometeor\n>p2 move playrough\n>p1 switch 6\n>p1 move icespinner\n>p2 move playrough\n>p2 switch 2\n>p1 move icespinner\n>p2 move quiverdance\n>p1 move icespinner\n>p2 move fierydance\n>p1 switch 4\n>p1 move earthquake\n>p2 move gigadrain\n>p1 switch 2\n>p1 move rockwrecker\n>p2 move gigadrain\n>p2 switch 5\n>p1 move slackoff terastallize\n>p2 move flashcannon\n>chat ☆BlissfulSky|Oh nooo\n>chat ☆skipprthepenguin|:(\n>p1 move slackoff\n>p2 move flashcannon\n>p1 move hammerarm\n>p2 move flipturn\n>p2 switch 4\n>p1 move phantomforce\n>p2 move protect\n>p2 switch 4\n>p1 move hammerarm\n>p2 move flashcannon\n>p1 move phantomforce\n>p2 move roost\n>p1 move hammerarm\n>p2 move roost\n>p1 move hammerarm\n>p2 move roost","uploadtime":1762118535}