{"id":"gen9natdexdraft-265","log":"|j|☆skipprthepenguin\n|j|☆Ark64\n|t:|1762660493\n|gametype|singles\n|player|p1|skipprthepenguin|1|\n|player|p2|Ark64|170|\n|gen|9\n|tier|[Gen 9] NatDex Draft\n|rule|Tera Type Preview: Tera Types are shown at Team Preview\n|rule|Sleep Clause Mod: Limit one foe put to sleep\n|rule|OHKO Clause: OHKO moves are banned\n|rule|Evasion Clause: Evasion abilities, items, and moves are banned\n|rule|Evasion Abilities Clause: Evasion abilities are banned\n|rule|Evasion Items Clause: Evasion items are banned\n|rule|Evasion Moves Clause: Evasion moves are banned\n|rule|Endless Battle Clause: Forcing endless battles is banned\n|rule|HP Percentage Mod: HP is shown in percentages\n|raw|<div class=\"infobox\"><details class=\"readmore\" open><summary><strong>1 custom rule:</strong></summary> Tera Type Preview</details></div>\n|clearpoke\n|poke|p1|Chien-Pao|\n|poke|p1|Iron Valiant|\n|poke|p1|Paleogeist, M|\n|poke|p1|Chesnaught, F|\n|poke|p1|Pecharunt|\n|poke|p1|Mamoswine, F|\n|poke|p2|Iron Bundle|\n|poke|p2|Tapu Koko|\n|poke|p2|Grimmsnarl, M|\n|poke|p2|Iron Treads|\n|poke|p2|Ogerpon-Wellspring, F|\n|poke|p2|Iron Gear, M|\n|raw|skipprthepenguin's Tera Types:<br /><psicon pokemon=\"chienpao\" /><psicon type=\"Dark\" /> / <psicon pokemon=\"ironvaliant\" /><psicon type=\"Fairy\" /> / <psicon pokemon=\"paleogeist\" /><psicon type=\"Grass\" /> / <psicon pokemon=\"chesnaught\" /><psicon type=\"Grass\" /> / <psicon pokemon=\"pecharunt\" /><psicon type=\"Poison\" /> / <psicon pokemon=\"mamoswine\" /><psicon type=\"Ice\" />\n|raw|Ark64's Tera Types:<br /><psicon pokemon=\"ironbundle\" /><psicon type=\"Ice\" /> / <psicon pokemon=\"tapukoko\" /><psicon type=\"Electric\" /> / <psicon pokemon=\"grimmsnarl\" /><psicon type=\"Dark\" /> / <psicon pokemon=\"irontreads\" /><psicon type=\"Ghost\" /> / <psicon pokemon=\"ogerponwellspring\" /><psicon type=\"Water\" /> / <psicon pokemon=\"irongear\" /><psicon type=\"Psychic\" />\n|teampreview\n|c|☆skipprthepenguin|glhf\n|c|☆Ark64|u2\n|j|~SparksTheNeo\n|\n|t:|1762660575\n|teamsize|p1|6\n|teamsize|p2|6\n|start\n|switch|p1a: Chesnaught|Chesnaught, F|100/100\n|switch|p2a: Iron Bundle|Iron Bundle|100/100\n|turn|1\n|\n|t:|1762660582\n|detailschange|p1a: Chesnaught|Chesnaught-Mega, F\n|-mega|p1a: Chesnaught|Chesnaught|Chesnaughtite\n|move|p2a: Iron Bundle|Flip Turn|p1a: Chesnaught\n|-resisted|p1a: Chesnaught\n|-damage|p1a: Chesnaught|95/100\n|\n|t:|1762660595\n|-end|p2a: Iron Bundle|Quark Drive|[silent]\n|switch|p2a: Ogerpon|Ogerpon-Wellspring, F|100/100|[from] Flip Turn\n|move|p1a: Chesnaught|Body Press|p2a: Ogerpon\n|-damage|p2a: Ogerpon|55/100\n|\n|upkeep\n|turn|2\n|\n|t:|1762660610\n|move|p2a: Ogerpon|Low Kick|p1a: Chesnaught\n|-supereffective|p1a: Chesnaught\n|-damage|p1a: Chesnaught|27/100\n|move|p1a: Chesnaught|Iron Defense|p1a: Chesnaught\n|-boost|p1a: Chesnaught|def|2\n|\n|upkeep\n|turn|3\n|\n|t:|1762660629\n|switch|p1a: Pecharunt|Pecharunt|100/100\n|move|p2a: Ogerpon|Low Kick|p1a: Pecharunt\n|-immune|p1a: Pecharunt\n|\n|upkeep\n|turn|4\n|\n|t:|1762660636\n|switch|p2a: Iron Treads|Iron Treads|100/100\n|-enditem|p2a: Iron Treads|Booster Energy\n|-activate|p2a: Iron Treads|ability: Quark Drive|[fromitem]\n|-start|p2a: Iron Treads|quarkdrivespe\n|move|p1a: Pecharunt|Malignant Chain|p2a: Iron Treads\n|-immune|p2a: Iron Treads\n|\n|upkeep\n|turn|5\n|\n|t:|1762660645\n|move|p2a: Iron Treads|Earthquake|p1a: Pecharunt\n|-supereffective|p1a: Pecharunt\n|-damage|p1a: Pecharunt|56/100\n|move|p1a: Pecharunt|Parting Shot|p2a: Iron Treads\n|-unboost|p2a: Iron Treads|atk|1\n|-unboost|p2a: Iron Treads|spa|1\n|\n|t:|1762660648\n|switch|p1a: Chesnaught|Chesnaught-Mega, F|27/100|[from] Parting Shot\n|\n|upkeep\n|turn|6\n|\n|t:|1762660651\n|move|p2a: Iron Treads|Volt Switch|p1a: Chesnaught\n|-resisted|p1a: Chesnaught\n|-damage|p1a: Chesnaught|25/100\n|\n|t:|1762660654\n|-end|p2a: Iron Treads|Quark Drive|[silent]\n|switch|p2a: Tapu Koko|Tapu Koko|100/100|[from] Volt Switch\n|move|p1a: Chesnaught|Synthesis|p1a: Chesnaught\n|-heal|p1a: Chesnaught|75/100\n|\n|upkeep\n|turn|7\n|\n|t:|1762660670\n|move|p2a: Tapu Koko|Hidden Power|p1a: Chesnaught\n|-supereffective|p1a: Chesnaught\n|-damage|p1a: Chesnaught|10/100\n|move|p1a: Chesnaught|Synthesis|p1a: Chesnaught\n|-heal|p1a: Chesnaught|60/100\n|\n|upkeep\n|turn|8\n|\n|t:|1762660680\n|switch|p1a: Mamoswine|Mamoswine, F|100/100\n|move|p2a: Tapu Koko|Hidden Power|p1a: Mamoswine\n|-supereffective|p1a: Mamoswine\n|-damage|p1a: Mamoswine|79/100\n|\n|upkeep\n|turn|9\n|\n|t:|1762660687\n|switch|p2a: Grimmsnarl|Grimmsnarl, M|100/100\n|move|p1a: Mamoswine|Trailblaze|p2a: Grimmsnarl\n|-damage|p2a: Grimmsnarl|79/100\n|-boost|p1a: Mamoswine|spe|1\n|\n|upkeep\n|turn|10\n|\n|t:|1762660691\n|move|p2a: Grimmsnarl|Reflect|p2a: Grimmsnarl\n|-sidestart|p2: Ark64|Reflect\n|move|p1a: Mamoswine|Earthquake|p2a: Grimmsnarl\n|-damage|p2a: Grimmsnarl|46/100\n|\n|upkeep\n|turn|11\n|\n|t:|1762660698\n|move|p2a: Grimmsnarl|Light Screen|p2a: Grimmsnarl\n|-sidestart|p2: Ark64|move: Light Screen\n|move|p1a: Mamoswine|Earthquake|p2a: Grimmsnarl\n|-damage|p2a: Grimmsnarl|13/100\n|\n|upkeep\n|turn|12\n|\n|t:|1762660705\n|move|p2a: Grimmsnarl|Parting Shot|p1a: Mamoswine\n|-unboost|p1a: Mamoswine|atk|1\n|-unboost|p1a: Mamoswine|spa|1\n|\n|t:|1762660707\n|switch|p2a: Ogerpon|Ogerpon-Wellspring, F|55/100|[from] Parting Shot\n|move|p1a: Mamoswine|Trailblaze|p2a: Ogerpon\n|-crit|p2a: Ogerpon\n|-damage|p2a: Ogerpon|23/100\n|-boost|p1a: Mamoswine|spe|1\n|\n|upkeep\n|turn|13\n|\n|t:|1762660711\n|move|p1a: Mamoswine|Icicle Crash|p2a: Ogerpon\n|-damage|p2a: Ogerpon|5/100\n|move|p2a: Ogerpon|Horn Leech|p1a: Mamoswine\n|-supereffective|p1a: Mamoswine\n|-damage|p1a: Mamoswine|0 fnt\n|-heal|p2a: Ogerpon|50/100|[from] drain|[of] p1a: Mamoswine\n|faint|p1a: Mamoswine\n|\n|upkeep\n|\n|t:|1762660758\n|switch|p1a: Pecharunt|Pecharunt|56/100\n|turn|14\n|\n|t:|1762660766\n|switch|p2a: Iron Treads|Iron Treads|100/100\n|move|p1a: Pecharunt|Recover|p1a: Pecharunt\n|-heal|p1a: Pecharunt|100/100\n|\n|upkeep\n|turn|15\n|\n|t:|1762660772\n|move|p2a: Iron Treads|Earthquake|p1a: Pecharunt\n|-supereffective|p1a: Pecharunt\n|-damage|p1a: Pecharunt|50/100\n|move|p1a: Pecharunt|Parting Shot|p2a: Iron Treads\n|-unboost|p2a: Iron Treads|atk|1\n|-unboost|p2a: Iron Treads|spa|1\n|\n|t:|1762660786\n|switch|p1a: Paleogeist|Paleogeist, M|100/100|[from] Parting Shot\n|\n|upkeep\n|turn|16\n|\n|t:|1762660794\n|-end|p2a: Iron Treads|Quark Drive|[silent]\n|switch|p2a: Grimmsnarl|Grimmsnarl, M|13/100\n|-terastallize|p1a: Paleogeist|Grass\n|move|p1a: Paleogeist|Will-O-Wisp|p2a: Grimmsnarl|[miss]\n|-miss|p1a: Paleogeist|p2a: Grimmsnarl\n|\n|upkeep\n|turn|17\n|\n|t:|1762660802\n|move|p2a: Grimmsnarl|Parting Shot|p1a: Paleogeist\n|-unboost|p1a: Paleogeist|atk|1\n|-unboost|p1a: Paleogeist|spa|1\n|\n|t:|1762660807\n|switch|p2a: Iron Bundle|Iron Bundle|100/100|[from] Parting Shot\n|-ability|p1a: Paleogeist|Sheer Willpower\n|-message|Paleogeist's Phantom Force hits instantly!\n|move|p1a: Paleogeist|Phantom Force||[still]\n|-prepare|p1a: Paleogeist|Phantom Force\n|-anim|p1a: Paleogeist|Phantom Force|p2a: Iron Bundle\n|-damage|p2a: Iron Bundle|78/100\n|\n|-sideend|p2: Ark64|Reflect\n|upkeep\n|turn|18\n|\n|t:|1762660819\n|move|p2a: Iron Bundle|Ice Beam|p1a: Paleogeist\n|-supereffective|p1a: Paleogeist\n|-damage|p1a: Paleogeist|29/100\n|move|p1a: Paleogeist|Rock Wrecker|p2a: Iron Bundle\n|-supereffective|p2a: Iron Bundle\n|-damage|p2a: Iron Bundle|0 fnt\n|faint|p2a: Iron Bundle\n|-end|p2a: Iron Bundle|Quark Drive|[silent]\n|\n|-heal|p1a: Paleogeist|35/100|[from] item: Leftovers\n|-sideend|p2: Ark64|move: Light Screen\n|upkeep\n|\n|t:|1762660846\n|switch|p2a: Iron Gear|Iron Gear, M|100/100\n|turn|19\n|\n|t:|1762660876\n|switch|p1a: Chesnaught|Chesnaught-Mega, F|60/100\n|move|p2a: Iron Gear|Psychic|p1a: Chesnaught\n|-resisted|p1a: Chesnaught\n|-damage|p1a: Chesnaught|46/100\n|\n|upkeep\n|turn|20\n|\n|t:|1762660880\n|-end|p2a: Iron Gear|Quark Drive|[silent]\n|switch|p2a: Tapu Koko|Tapu Koko|100/100\n|move|p1a: Chesnaught|Synthesis|p1a: Chesnaught\n|-heal|p1a: Chesnaught|96/100\n|\n|upkeep\n|turn|21\n|\n|t:|1762660908\n|switch|p1a: Iron Valiant|Iron Valiant|100/100\n|move|p2a: Tapu Koko|Hidden Power|p1a: Iron Valiant\n|-damage|p1a: Iron Valiant|56/100\n|\n|upkeep\n|turn|22\n|\n|t:|1762660928\n|switch|p2a: Grimmsnarl|Grimmsnarl, M|13/100\n|-end|p1a: Iron Valiant|Quark Drive|[silent]\n|switch|p1a: Chesnaught|Chesnaught-Mega, F|96/100\n|\n|upkeep\n|turn|23\n|\n|t:|1762660942\n|switch|p1a: Paleogeist|Paleogeist, M, tera:Grass|35/100\n|move|p2a: Grimmsnarl|Reflect|p2a: Grimmsnarl\n|-sidestart|p2: Ark64|Reflect\n|\n|-heal|p1a: Paleogeist|41/100|[from] item: Leftovers\n|upkeep\n|turn|24\n|\n|t:|1762660945\n|move|p2a: Grimmsnarl|Parting Shot|p1a: Paleogeist\n|-unboost|p1a: Paleogeist|atk|1\n|-unboost|p1a: Paleogeist|spa|1\n|\n|t:|1762660970\n|switch|p2a: Iron Gear|Iron Gear, M|100/100|[from] Parting Shot\n|move|p1a: Paleogeist|Slack Off|p1a: Paleogeist\n|-heal|p1a: Paleogeist|91/100\n|\n|-heal|p1a: Paleogeist|97/100|[from] item: Leftovers\n|upkeep\n|turn|25\n|\n|t:|1762660985\n|switch|p1a: Chesnaught|Chesnaught-Mega, F|96/100\n|move|p2a: Iron Gear|Psychic|p1a: Chesnaught\n|-resisted|p1a: Chesnaught\n|-damage|p1a: Chesnaught|80/100\n|\n|upkeep\n|turn|26\n|\n|t:|1762660996\n|-end|p2a: Iron Gear|Quark Drive|[silent]\n|switch|p2a: Tapu Koko|Tapu Koko|100/100\n|move|p1a: Chesnaught|Wood Hammer|p2a: Tapu Koko\n|-damage|p2a: Tapu Koko|62/100\n|-damage|p1a: Chesnaught|71/100|[from] Recoil\n|\n|upkeep\n|turn|27\n|c|~SparksTheNeo|nasty fat team\n|\n|t:|1762661007\n|move|p2a: Tapu Koko|Hidden Power|p1a: Chesnaught\n|-supereffective|p1a: Chesnaught\n|-damage|p1a: Chesnaught|3/100\n|move|p1a: Chesnaught|Synthesis|p1a: Chesnaught\n|-heal|p1a: Chesnaught|53/100\n|\n|upkeep\n|turn|28\n|j| The_Shawdoin\n|c| The_Shawdoin|The team is so bulky \n|c| The_Shawdoin|Chesnaught is gross\n|\n|t:|1762661055\n|switch|p1a: Chien-Pao|Chien-Pao|100/100\n|-ability|p1a: Chien-Pao|Sword of Ruin\n|move|p2a: Tapu Koko|Hidden Power|p1a: Chien-Pao\n|-supereffective|p1a: Chien-Pao\n|-damage|p1a: Chien-Pao|16/100\n|\n|upkeep\n|turn|29\n|\n|t:|1762661079\n|move|p1a: Chien-Pao|Ice Spinner|p2a: Tapu Koko\n|-damage|p2a: Tapu Koko|15/100\n|-damage|p1a: Chien-Pao|6/100|[from] item: Life Orb\n|move|p2a: Tapu Koko|Hidden Power|p1a: Chien-Pao\n|-supereffective|p1a: Chien-Pao\n|-damage|p1a: Chien-Pao|0 fnt\n|faint|p1a: Chien-Pao\n|\n|upkeep\n|\n|t:|1762661093\n|switch|p1a: Iron Valiant|Iron Valiant|56/100\n|turn|30\n|\n|t:|1762661095\n|switch|p2a: Grimmsnarl|Grimmsnarl, M|13/100\n|move|p1a: Iron Valiant|Vacuum Wave|p2a: Grimmsnarl\n|-damage|p2a: Grimmsnarl|0 fnt\n|faint|p2a: Grimmsnarl\n|\n|-sideend|p2: Ark64|Reflect\n|upkeep\n|\n|t:|1762661098\n|switch|p2a: Iron Gear|Iron Gear, M|100/100\n|turn|31\n|\n|t:|1762661106\n|-end|p1a: Iron Valiant|Quark Drive|[silent]\n|switch|p1a: Chesnaught|Chesnaught-Mega, F|53/100\n|move|p2a: Iron Gear|Flash Cannon|p1a: Chesnaught\n|-resisted|p1a: Chesnaught\n|-damage|p1a: Chesnaught|40/100\n|\n|upkeep\n|turn|32\n|\n|t:|1762661130\n|-end|p2a: Iron Gear|Quark Drive|[silent]\n|switch|p2a: Ogerpon|Ogerpon-Wellspring, F|50/100\n|move|p1a: Chesnaught|Synthesis|p1a: Chesnaught\n|-heal|p1a: Chesnaught|90/100\n|\n|upkeep\n|turn|33\n|\n|t:|1762661142\n|switch|p1a: Pecharunt|Pecharunt|50/100\n|move|p2a: Ogerpon|Low Kick|p1a: Pecharunt\n|-immune|p1a: Pecharunt\n|\n|-heal|p1a: Pecharunt|56/100|[from] item: Leftovers\n|upkeep\n|turn|34\n|\n|t:|1762661158\n|move|p2a: Ogerpon|Swords Dance|p2a: Ogerpon\n|-boost|p2a: Ogerpon|atk|2\n|move|p1a: Pecharunt|Recover|p1a: Pecharunt\n|-heal|p1a: Pecharunt|100/100\n|\n|upkeep\n|turn|35\n|\n|t:|1762661162\n|move|p2a: Ogerpon|Ivy Cudgel|p1a: Pecharunt|[anim] Ivy Cudgel Water\n|-damage|p1a: Pecharunt|29/100\n|move|p1a: Pecharunt|Malignant Chain|p2a: Ogerpon\n|-supereffective|p2a: Ogerpon\n|-damage|p2a: Ogerpon|0 fnt\n|faint|p2a: Ogerpon\n|\n|-heal|p1a: Pecharunt|35/100|[from] item: Leftovers\n|upkeep\n|\n|t:|1762661168\n|switch|p2a: Iron Treads|Iron Treads|100/100\n|turn|36\n|\n|t:|1762661170\n|switch|p1a: Chesnaught|Chesnaught-Mega, F|90/100\n|move|p2a: Iron Treads|Earthquake|p1a: Chesnaught\n|-crit|p1a: Chesnaught\n|-damage|p1a: Chesnaught|55/100\n|\n|upkeep\n|turn|37\n|\n|t:|1762661177\n|-terastallize|p2a: Iron Treads|Ghost\n|move|p2a: Iron Treads|Earthquake|p1a: Chesnaught\n|-damage|p1a: Chesnaught|28/100\n|move|p1a: Chesnaught|Synthesis|p1a: Chesnaught\n|-heal|p1a: Chesnaught|78/100\n|\n|upkeep\n|turn|38\n|\n|t:|1762661186\n|move|p2a: Iron Treads|Earthquake|p1a: Chesnaught\n|-damage|p1a: Chesnaught|54/100\n|move|p1a: Chesnaught|Iron Defense|p1a: Chesnaught\n|-boost|p1a: Chesnaught|def|2\n|\n|upkeep\n|turn|39\n|\n|t:|1762661197\n|-end|p2a: Iron Treads|Quark Drive|[silent]\n|switch|p2a: Iron Gear|Iron Gear, M|100/100\n|move|p1a: Chesnaught|Synthesis|p1a: Chesnaught\n|-heal|p1a: Chesnaught|100/100\n|\n|upkeep\n|turn|40\n|\n|t:|1762661200\n|move|p2a: Iron Gear|Volt Switch|p1a: Chesnaught\n|-resisted|p1a: Chesnaught\n|-damage|p1a: Chesnaught|92/100\n|\n|t:|1762661202\n|-end|p2a: Iron Gear|Quark Drive|[silent]\n|switch|p2a: Iron Treads|Iron Treads, tera:Ghost|100/100|[from] Volt Switch\n|move|p1a: Chesnaught|Body Press|p2a: Iron Treads\n|-immune|p2a: Iron Treads\n|\n|upkeep\n|turn|41\n|\n|t:|1762661207\n|move|p2a: Iron Treads|Iron Head|p1a: Chesnaught\n|-resisted|p1a: Chesnaught\n|-damage|p1a: Chesnaught|87/100\n|cant|p1a: Chesnaught|flinch\n|\n|upkeep\n|turn|42\n|\n|t:|1762661210\n|move|p2a: Iron Treads|Iron Head|p1a: Chesnaught\n|-resisted|p1a: Chesnaught\n|-damage|p1a: Chesnaught|82/100\n|move|p1a: Chesnaught|Wood Hammer|p2a: Iron Treads\n|-damage|p2a: Iron Treads|60/100\n|-damage|p1a: Chesnaught|69/100|[from] Recoil\n|\n|upkeep\n|turn|43\n|\n|t:|1762661214\n|move|p2a: Iron Treads|Volt Switch|p1a: Chesnaught\n|-resisted|p1a: Chesnaught\n|-damage|p1a: Chesnaught|65/100\n|\n|t:|1762661216\n|-end|p2a: Iron Treads|Quark Drive|[silent]\n|switch|p2a: Iron Gear|Iron Gear, M|100/100|[from] Volt Switch\n|move|p1a: Chesnaught|Wood Hammer|p2a: Iron Gear\n|-resisted|p2a: Iron Gear\n|-damage|p2a: Iron Gear|70/100\n|-damage|p1a: Chesnaught|58/100|[from] Recoil\n|\n|upkeep\n|turn|44\n|l| The_Shawdoin\n|\n|t:|1762661231\n|move|p2a: Iron Gear|Psychic|p1a: Chesnaught\n|-resisted|p1a: Chesnaught\n|-damage|p1a: Chesnaught|43/100\n|move|p1a: Chesnaught|Wood Hammer|p2a: Iron Gear\n|-resisted|p2a: Iron Gear\n|-damage|p2a: Iron Gear|37/100\n|-damage|p1a: Chesnaught|35/100|[from] Recoil\n|\n|upkeep\n|turn|45\n|\n|t:|1762661236\n|move|p2a: Iron Gear|Psychic|p1a: Chesnaught\n|-resisted|p1a: Chesnaught\n|-damage|p1a: Chesnaught|20/100\n|move|p1a: Chesnaught|Synthesis|p1a: Chesnaught\n|-heal|p1a: Chesnaught|70/100\n|\n|upkeep\n|turn|46\n|\n|t:|1762661238\n|move|p2a: Iron Gear|Psychic|p1a: Chesnaught\n|-resisted|p1a: Chesnaught\n|-damage|p1a: Chesnaught|55/100\n|move|p1a: Chesnaught|Body Press|p2a: Iron Gear\n|-damage|p2a: Iron Gear|0 fnt\n|faint|p2a: Iron Gear\n|-end|p2a: Iron Gear|Quark Drive|[silent]\n|\n|upkeep\n|\n|t:|1762661242\n|switch|p2a: Tapu Koko|Tapu Koko|15/100\n|turn|47\n|\n|t:|1762661255\n|switch|p1a: Paleogeist|Paleogeist, M, tera:Grass|97/100\n|move|p2a: Tapu Koko|Hidden Power|p1a: Paleogeist\n|-supereffective|p1a: Paleogeist\n|-damage|p1a: Paleogeist|58/100\n|\n|-heal|p1a: Paleogeist|64/100|[from] item: Leftovers\n|upkeep\n|turn|48\n|\n|t:|1762661264\n|switch|p2a: Iron Treads|Iron Treads, tera:Ghost|60/100\n|-ability|p1a: Paleogeist|Sheer Willpower\n|-message|Paleogeist's Phantom Force hits instantly!\n|move|p1a: Paleogeist|Phantom Force||[still]\n|-prepare|p1a: Paleogeist|Phantom Force\n|-anim|p1a: Paleogeist|Phantom Force|p2a: Iron Treads\n|-supereffective|p2a: Iron Treads\n|-damage|p2a: Iron Treads|0 fnt\n|faint|p2a: Iron Treads\n|-end|p2a: Iron Treads|Quark Drive|[silent]\n|\n|-heal|p1a: Paleogeist|70/100|[from] item: Leftovers\n|upkeep\n|\n|t:|1762661266\n|switch|p2a: Tapu Koko|Tapu Koko|15/100\n|turn|49\n|\n|t:|1762661268\n|move|p2a: Tapu Koko|Hidden Power|p1a: Paleogeist\n|-supereffective|p1a: Paleogeist\n|-damage|p1a: Paleogeist|34/100\n|-ability|p1a: Paleogeist|Sheer Willpower\n|-message|Paleogeist's Phantom Force hits instantly!\n|move|p1a: Paleogeist|Phantom Force||[still]\n|-prepare|p1a: Paleogeist|Phantom Force\n|-anim|p1a: Paleogeist|Phantom Force|p2a: Tapu Koko\n|-damage|p2a: Tapu Koko|0 fnt\n|faint|p2a: Tapu Koko\n|\n|win|skipprthepenguin\n|c|☆Ark64|gg\n|c|☆skipprthepenguin|ggs\n|l|☆Ark64\n|player|p2|\n","players":["skipprthepenguin","Ark64"],"format":"[Gen 9] NatDex Draft","rating":null,"private":0,"password":null,"inputlog":">version cca6e70652337e1e4d1ebbd4e181c7b56c5b8614\n>start {\"formatid\":\"gen9natdexdraft@@@Tera Type Preview\",\"seed\":\"sodium,b1ebcb152795f5632e6d9a85b959a98f\"}\n>player p1 {\"name\":\"skipprthepenguin\",\"avatar\":\"1\",\"team\":\"Chien-Pao||LifeOrb|SwordofRuin|IceSpinner,Crunch,SuckerPunch,SacredSword|Jolly|40,252,,,,216|N||||,,,,,Dark]Iron Valiant||ChoiceSpecs|QuarkDrive|Moonblast,AuraSphere,ShadowBall,VacuumWave|Timid|48,,,252,,208|N|,0,,,,|||,,,,,Fairy]Paleogeist||Leftovers|SheerWillpower|RockWrecker,PhantomForce,SlackOff,WillOWisp|Adamant|248,252,,,8,|M||||,,,,,Grass]Chesnaught||Chesnaughtite|Bulletproof|IronDefense,BodyPress,Synthesis,WoodHammer|Careful|252,,4,,252,|F||||,,,,,Grass]Pecharunt||Leftovers|PoisonPuppeteer|MalignantChain,ShadowBall,Recover,PartingShot|Calm|252,,,4,252,|N|,0,,,,|||,,,,,Poison]Mamoswine||AssaultVest|ThickFat|IcicleCrash,Earthquake,Endeavor,Trailblaze|Adamant|88,252,,,16,152|F||||,,,,,Ice\",\"rating\":0}\n>player p2 {\"name\":\"Ark64\",\"avatar\":\"170\",\"team\":\"Iron Bundle||HeavyDutyBoots|QuarkDrive|FlipTurn,HydroPump,IceBeam,FreezeDry|Timid|,,8,252,,248|N||||,,,,,Ice]Tapu Koko||ChoiceSpecs|Telepathy|GrassKnot,DazzlingGleam,VoltSwitch,HiddenPowerFire|Timid|,,,252,56,200|N|,0,,,,|||,Fire,,,,Electric]Grimmsnarl||LightClay|Prankster|Reflect,LightScreen,ThunderWave,PartingShot|Calm|252,,80,,176,|M|,0,,,,|||,,,,,Dark]Iron Treads||BoosterEnergy|QuarkDrive|IronHead,RapidSpin,Earthquake,VoltSwitch|Careful|204,64,,,124,116|N||||,,,,,Ghost]Ogerpon|OgerponWellspring|WellspringMask|WaterAbsorb|SwordsDance,IvyCudgel,HornLeech,LowKick|Adamant|140,252,,,,116|F||||,Poison,,,,Water]Iron Gear||ChoiceScarf|QuarkDrive|Moonblast,Psychic,VoltSwitch,FlashCannon|Timid|,,,252,4,252|M|,0,,,,|||,,,,,Psychic\",\"rating\":0}\n>chat ☆skipprthepenguin|glhf\n>chat ☆Ark64|u2\n>p1 team 4, 2, 3, 1, 5, 6\n>p2 team 1, 2, 3, 4, 5, 6\n>p1 move bodypress mega\n>p2 move flipturn\n>p2 switch 5\n>p1 move irondefense\n>p2 move lowkick\n>p1 switch 5\n>p2 move lowkick\n>p1 move malignantchain\n>p2 switch 4\n>p1 move partingshot\n>p2 move earthquake\n>p1 switch 5\n>p1 move synthesis\n>p2 move voltswitch\n>p2 switch 2\n>p1 move synthesis\n>p2 move hiddenpower\n>p1 switch 6\n>p2 move hiddenpower\n>p1 move trailblaze\n>p2 switch 3\n>p1 move earthquake\n>p2 move reflect\n>p1 move earthquake\n>p2 move lightscreen\n>p1 move trailblaze\n>p2 move partingshot\n>p2 switch 4\n>p1 move iciclecrash\n>p2 move hornleech\n>p1 switch 5\n>p1 move recover\n>p2 switch 2\n>p1 move partingshot\n>p2 move earthquake\n>p1 switch 3\n>p1 move willowisp terastallize\n>p2 switch 4\n>p1 move phantomforce\n>p2 move partingshot\n>p2 switch 5\n>p1 move rockwrecker\n>p2 move icebeam\n>p2 switch 6\n>p1 switch 6\n>p2 move psychic\n>p1 move synthesis\n>p2 switch 3\n>p1 switch 2\n>p2 move hiddenpower\n>p1 switch 2\n>p2 switch 5\n>p1 switch 6\n>p2 move reflect\n>p1 move slackoff\n>p2 move partingshot\n>p2 switch 3\n>p1 switch 6\n>p2 move psychic\n>p1 move woodhammer\n>p2 switch 5\n>chat ~SparksTheNeo|nasty fat team\n>p1 move synthesis\n>p2 move hiddenpower\n>chat  The_Shawdoin|The team is so bulky \n>chat  The_Shawdoin|Chesnaught is gross\n>p1 switch 4\n>p2 move hiddenpower\n>p1 move icespinner\n>p2 move hiddenpower\n>p1 switch 2\n>p1 move vacuumwave\n>p2 switch 3\n>p2 switch 5\n>p1 switch 4\n>p2 move flashcannon\n>p1 move synthesis\n>p2 switch 2\n>p1 switch 3\n>p2 move lowkick\n>p1 move recover\n>p2 move swordsdance\n>p1 move malignantchain\n>p2 move ivycudgel\n>p2 switch 4\n>p1 switch 3\n>p2 move earthquake\n>p1 move synthesis\n>p2 move earthquake terastallize\n>p1 move irondefense\n>p2 move earthquake\n>p1 move synthesis\n>p2 switch 2\n>p1 move bodypress\n>p2 move voltswitch\n>p2 switch 2\n>p1 move woodhammer\n>p2 move ironhead\n>p1 move woodhammer\n>p2 move ironhead\n>p1 move woodhammer\n>p2 move voltswitch\n>p2 switch 2\n>p1 move woodhammer\n>p2 move psychic\n>p1 move synthesis\n>p2 move psychic\n>p1 move bodypress\n>p2 move psychic\n>p2 switch 3\n>p1 switch 6\n>p2 move hiddenpower\n>p1 move phantomforce\n>p2 switch 2\n>p2 switch 2\n>p1 move phantomforce\n>p2 move hiddenpower","uploadtime":1762661274}