{"id":"gen9natdexdraft-140","log":"|j|☆DogeTheNoob\n|j|☆L_Torchic_L\n|t:|1761524174\n|gametype|singles\n|player|p1|DogeTheNoob|1|\n|player|p2|L_Torchic_L|benga|\n|gen|9\n|tier|[Gen 9] NatDex Draft\n|rule|Tera Type Preview: Tera Types are shown at Team Preview\n|rule|Sleep Clause Mod: Limit one foe put to sleep\n|rule|OHKO Clause: OHKO moves are banned\n|rule|Evasion Clause: Evasion abilities, items, and moves are banned\n|rule|Evasion Abilities Clause: Evasion abilities are banned\n|rule|Evasion Items Clause: Evasion items are banned\n|rule|Evasion Moves Clause: Evasion moves are banned\n|rule|Endless Battle Clause: Forcing endless battles is banned\n|rule|HP Percentage Mod: HP is shown in percentages\n|raw|<div class=\"infobox\"><details class=\"readmore\" open><summary><strong>1 custom rule:</strong></summary> Tera Type Preview</details></div>\n|clearpoke\n|poke|p1|Abyluxneon, F|\n|poke|p1|Torkoal, M|\n|poke|p1|Gouging Fire|\n|poke|p1|Razor Spine, F|\n|poke|p1|Mandibuzz, F|\n|poke|p1|Queendra-Dark, F|\n|poke|p2|Dragapult, F|\n|poke|p2|Rotom-Wash|\n|poke|p2|Skarmory, F|\n|poke|p2|Kingambit, F|\n|poke|p2|Swellow, F|\n|poke|p2|Kabuyeti-Bonfire, F|\n|raw|DogeTheNoob's Tera Types:<br /><psicon pokemon=\"abyluxneon\" /><psicon type=\"Electric\" /> / <psicon pokemon=\"torkoal\" /><psicon type=\"Fire\" /> / <psicon pokemon=\"gougingfire\" /><psicon type=\"Fire\" /> / <psicon pokemon=\"razorspine\" /><psicon type=\"Steel\" /> / <psicon pokemon=\"mandibuzz\" /><psicon type=\"Dark\" /> / <psicon pokemon=\"queendradark\" /><psicon type=\"Ice\" />\n|raw|L_Torchic_L's Tera Types:<br /><psicon pokemon=\"dragapult\" /><psicon type=\"Dragon\" /> / <psicon pokemon=\"rotomwash\" /><psicon type=\"Electric\" /> / <psicon pokemon=\"skarmory\" /><psicon type=\"Steel\" /> / <psicon pokemon=\"kingambit\" /><psicon type=\"Fairy\" /> / <psicon pokemon=\"swellow\" /><psicon type=\"Normal\" /> / <psicon pokemon=\"kabuyetibonfire\" /><psicon type=\"Ice\" />\n|teampreview\n|j|~SparksTheNeo\n|\n|t:|1761524199\n|teamsize|p1|6\n|teamsize|p2|6\n|start\n|switch|p1a: Torkoal|Torkoal, M|100/100\n|switch|p2a: Kabuyeti-Bonfire|Kabuyeti-Bonfire, F|100/100\n|-weather|SunnyDay|[from] ability: Drought|[of] p1a: Torkoal\n|turn|1\n|\n|t:|1761524239\n|move|p2a: Kabuyeti-Bonfire|U-turn|p1a: Torkoal\n|-resisted|p1a: Torkoal\n|-damage|p1a: Torkoal|92/100\n|\n|t:|1761524243\n|switch|p2a: Rotom|Rotom-Wash|100/100|[from] U-turn\n|move|p1a: Torkoal|Stealth Rock|p2a: Rotom\n|-sidestart|p2: L_Torchic_L|move: Stealth Rock\n|\n|-weather|SunnyDay|[upkeep]\n|upkeep\n|turn|2\n|\n|t:|1761524264\n|move|p2a: Rotom|Defog|p1a: Torkoal\n|-unboost|p1a: Torkoal|evasion|1\n|-sideend|p2: L_Torchic_L|Stealth Rock|[from] move: Defog|[of] p2a: Rotom\n|move|p1a: Torkoal|Solar Beam||[still]\n|-prepare|p1a: Torkoal|Solar Beam\n|-anim|p1a: Torkoal|Solar Beam|p2a: Rotom\n|-supereffective|p2a: Rotom\n|-damage|p2a: Rotom|48/100\n|\n|-weather|SunnyDay|[upkeep]\n|upkeep\n|turn|3\n|c|☆L_Torchic_L|lowk\n|c|☆L_Torchic_L|im using the wrong team lmfao\n|c|☆L_Torchic_L|BUT WE SHALL CONTINUE\n|\n|t:|1761524319\n|move|p2a: Rotom|Volt Switch|p1a: Torkoal\n|-damage|p1a: Torkoal|54/100\n|\n|t:|1761524328\n|switch|p2a: Kabuyeti-Bonfire|Kabuyeti-Bonfire, F|100/100|[from] Volt Switch\n|move|p1a: Torkoal|Stealth Rock|p2a: Kabuyeti-Bonfire\n|-sidestart|p2: L_Torchic_L|move: Stealth Rock\n|\n|-weather|SunnyDay|[upkeep]\n|upkeep\n|turn|4\n|\n|t:|1761524356\n|switch|p1a: Abyluxneon|Abyluxneon, F|100/100\n|move|p2a: Kabuyeti-Bonfire|Earthquake|p1a: Abyluxneon\n|-damage|p1a: Abyluxneon|61/100\n|\n|-weather|SunnyDay|[upkeep]\n|-heal|p1a: Abyluxneon|68/100|[from] item: Leftovers\n|upkeep\n|turn|5\n|\n|t:|1761524370\n|switch|p2a: Rotom|Rotom-Wash|48/100\n|move|p1a: Abyluxneon|Flip Turn|p2a: Rotom\n|-resisted|p2a: Rotom\n|-damage|p2a: Rotom|45/100\n|\n|t:|1761524398\n|switch|p1a: Gouging Fire|Gouging Fire|100/100|[from] Flip Turn\n|-activate|p1a: Gouging Fire|ability: Protosynthesis\n|-start|p1a: Gouging Fire|protosynthesisatk\n|\n|-weather|none\n|-end|p1a: Gouging Fire|Protosynthesis\n|upkeep\n|turn|6\n|\n|t:|1761524403\n|move|p1a: Gouging Fire|Dragon Dance|p1a: Gouging Fire\n|-boost|p1a: Gouging Fire|atk|1\n|-boost|p1a: Gouging Fire|spe|1\n|move|p2a: Rotom|Thunder Wave|p1a: Gouging Fire\n|-status|p1a: Gouging Fire|par\n|\n|upkeep\n|turn|7\n|\n|t:|1761524446\n|move|p2a: Rotom|Defog|p1a: Gouging Fire\n|-unboost|p1a: Gouging Fire|evasion|1\n|-sideend|p2: L_Torchic_L|Stealth Rock|[from] move: Defog|[of] p2a: Rotom\n|move|p1a: Gouging Fire|Dragon Claw|p2a: Rotom\n|-damage|p2a: Rotom|0 fnt\n|faint|p2a: Rotom\n|\n|upkeep\n|\n|t:|1761524473\n|switch|p2a: Dragapult|Dragapult, F|100/100\n|turn|8\n|\n|t:|1761524510\n|move|p2a: Dragapult|Thunderbolt|p1a: Gouging Fire\n|-resisted|p1a: Gouging Fire\n|-damage|p1a: Gouging Fire|85/100 par\n|move|p1a: Gouging Fire|Dragon Claw|p2a: Dragapult\n|-supereffective|p2a: Dragapult\n|-damage|p2a: Dragapult|0 fnt\n|faint|p2a: Dragapult\n|\n|-heal|p1a: Gouging Fire|91/100 par|[from] item: Leftovers\n|upkeep\n|c|☆L_Torchic_L|dang\n|c|☆L_Torchic_L|really thought you were gunna switch\n|\n|t:|1761524531\n|switch|p2a: Kabuyeti-Bonfire|Kabuyeti-Bonfire, F|100/100\n|turn|9\n|\n|t:|1761524539\n|move|p2a: Kabuyeti-Bonfire|Earthquake|p1a: Gouging Fire\n|-supereffective|p1a: Gouging Fire\n|-damage|p1a: Gouging Fire|41/100 par\n|move|p1a: Gouging Fire|Heat Crash|p2a: Kabuyeti-Bonfire\n|-damage|p2a: Kabuyeti-Bonfire|0 fnt\n|faint|p2a: Kabuyeti-Bonfire\n|\n|-heal|p1a: Gouging Fire|47/100 par|[from] item: Leftovers\n|upkeep\n|c|☆L_Torchic_L|yeah ill just put the fries in the bag\n|c|☆DogeTheNoob|LOL\n|\n|t:|1761524553\n|switch|p2a: Swellow|Swellow, F|100/100\n|turn|10\n|\n|t:|1761524567\n|detailschange|p2a: Swellow|Swellow-Mega, F\n|-mega|p2a: Swellow|Swellow|Swellowite\n|move|p2a: Swellow|Boomburst|p1a: Gouging Fire\n|-damage|p1a: Gouging Fire|0 fnt\n|faint|p1a: Gouging Fire\n|-end|p1a: Gouging Fire|Protosynthesis|[silent]\n|\n|upkeep\n|\n|t:|1761524575\n|switch|p1a: Torkoal|Torkoal, M|54/100\n|-weather|SunnyDay|[from] ability: Drought|[of] p1a: Torkoal\n|turn|11\n|\n|t:|1761524580\n|switch|p1a: Razor Spine|Razor Spine, F|100/100\n|-activate|p1a: Razor Spine|ability: Protosynthesis\n|-start|p1a: Razor Spine|protosynthesisspe\n|move|p2a: Swellow|Boomburst|p1a: Razor Spine\n|-resisted|p1a: Razor Spine\n|-damage|p1a: Razor Spine|56/100\n|\n|-weather|SunnyDay|[upkeep]\n|upkeep\n|turn|12\n|\n|t:|1761524601\n|move|p1a: Razor Spine|Close Combat|p2a: Swellow\n|-resisted|p2a: Swellow\n|-damage|p2a: Swellow|52/100\n|-unboost|p1a: Razor Spine|def|1\n|-unboost|p1a: Razor Spine|spd|1\n|-damage|p1a: Razor Spine|46/100|[from] item: Life Orb\n|move|p2a: Swellow|U-turn|p1a: Razor Spine\n|-resisted|p1a: Razor Spine\n|-damage|p1a: Razor Spine|37/100\n|\n|t:|1761524616\n|switch|p2a: Skarmory|Skarmory, F|100/100|[from] U-turn\n|\n|-weather|SunnyDay|[upkeep]\n|upkeep\n|turn|13\n|\n|t:|1761524624\n|-end|p1a: Razor Spine|Protosynthesis|[silent]\n|switch|p1a: Queendra-Dark|Queendra-Dark, F|100/100\n|move|p2a: Skarmory|Stealth Rock|p1a: Queendra-Dark\n|-sidestart|p1: DogeTheNoob|move: Stealth Rock\n|\n|-weather|SunnyDay|[upkeep]\n|upkeep\n|turn|14\n|\n|t:|1761524630\n|detailschange|p1a: Queendra-Dark|Queendra-Dark-Mega, F\n|-mega|p1a: Queendra-Dark|Queendra-Dark|Queendrite Dark\n|move|p1a: Queendra-Dark|Weather Ball|p2a: Skarmory\n|-supereffective|p2a: Skarmory\n|-ability|p2a: Skarmory|Sturdy\n|-damage|p2a: Skarmory|1/100\n|move|p2a: Skarmory|Whirlwind|p1a: Queendra-Dark\n|drag|p1a: Abyluxneon|Abyluxneon, F|68/100\n|-damage|p1a: Abyluxneon|55/100|[from] Stealth Rock\n|\n|-weather|SunnyDay|[upkeep]\n|-heal|p1a: Abyluxneon|61/100|[from] item: Leftovers\n|upkeep\n|turn|15\n|\n|t:|1761524656\n|move|p1a: Abyluxneon|Moonlight|p1a: Abyluxneon\n|-heal|p1a: Abyluxneon|100/100\n|move|p2a: Skarmory|Roost|p2a: Skarmory\n|-heal|p2a: Skarmory|51/100\n|-singleturn|p2a: Skarmory|move: Roost\n|\n|-weather|none\n|upkeep\n|turn|16\n|\n|t:|1761524660\n|move|p1a: Abyluxneon|Scald|p2a: Skarmory\n|-damage|p2a: Skarmory|15/100\n|-status|p2a: Skarmory|brn\n|move|p2a: Skarmory|Roost|p2a: Skarmory\n|-heal|p2a: Skarmory|65/100 brn\n|-singleturn|p2a: Skarmory|move: Roost\n|\n|-damage|p2a: Skarmory|59/100 brn|[from] brn\n|upkeep\n|turn|17\n|\n|t:|1761524666\n|move|p1a: Abyluxneon|Flip Turn|p2a: Skarmory\n|-damage|p2a: Skarmory|51/100 brn\n|-damage|p1a: Abyluxneon|84/100|[from] item: Rocky Helmet|[of] p2a: Skarmory\n|\n|t:|1761524667\n|switch|p1a: Torkoal|Torkoal, M|54/100|[from] Flip Turn\n|-weather|SunnyDay|[from] ability: Drought|[of] p1a: Torkoal\n|move|p2a: Skarmory|Roost|p2a: Skarmory\n|-heal|p2a: Skarmory|100/100 brn\n|-singleturn|p2a: Skarmory|move: Roost\n|\n|-weather|SunnyDay|[upkeep]\n|-damage|p2a: Skarmory|95/100 brn|[from] brn\n|upkeep\n|turn|18\n|\n|t:|1761524675\n|move|p1a: Torkoal|Rapid Spin|p2a: Skarmory\n|-resisted|p2a: Skarmory\n|-damage|p2a: Skarmory|92/100 brn\n|-boost|p1a: Torkoal|spe|1\n|-damage|p1a: Torkoal|37/100|[from] item: Rocky Helmet|[of] p2a: Skarmory\n|-sideend|p1: DogeTheNoob|Stealth Rock|[from] move: Rapid Spin|[of] p1a: Torkoal\n|move|p2a: Skarmory|Whirlwind|p1a: Torkoal\n|drag|p1a: Abyluxneon|Abyluxneon, F|84/100\n|\n|-weather|SunnyDay|[upkeep]\n|-heal|p1a: Abyluxneon|90/100|[from] item: Leftovers\n|-damage|p2a: Skarmory|86/100 brn|[from] brn\n|upkeep\n|turn|19\n|\n|t:|1761524689\n|switch|p2a: Kingambit|Kingambit, F|100/100\n|-activate|p2a: Kingambit|ability: Supreme Overlord\n|-start|p2a: Kingambit|fallen3|[silent]\n|move|p1a: Abyluxneon|Flip Turn|p2a: Kingambit\n|-damage|p2a: Kingambit|95/100\n|\n|t:|1761524700\n|switch|p1a: Queendra-Dark|Queendra-Dark-Mega, F|100/100|[from] Flip Turn\n|\n|-weather|SunnyDay|[upkeep]\n|upkeep\n|turn|20\n|\n|t:|1761524721\n|-terastallize|p2a: Kingambit|Fairy\n|move|p1a: Queendra-Dark|Weather Ball|p2a: Kingambit\n|-damage|p2a: Kingambit|48/100\n|move|p2a: Kingambit|Iron Head|p1a: Queendra-Dark\n|-supereffective|p1a: Queendra-Dark\n|-damage|p1a: Queendra-Dark|0 fnt\n|faint|p1a: Queendra-Dark\n|detailschange|p1: Queendra-Dark|Queendra-Dark, F|[silent]\n|\n|-weather|SunnyDay|[upkeep]\n|upkeep\n|\n|t:|1761524733\n|switch|p1a: Razor Spine|Razor Spine, F|37/100\n|-activate|p1a: Razor Spine|ability: Protosynthesis\n|-start|p1a: Razor Spine|protosynthesisspe\n|turn|21\n|\n|t:|1761524738\n|move|p2a: Kingambit|Sucker Punch||[still]\n|-fail|p2a: Kingambit\n|move|p1a: Razor Spine|Will-O-Wisp|p2a: Kingambit\n|-status|p2a: Kingambit|brn\n|\n|-weather|none\n|-end|p1a: Razor Spine|Protosynthesis\n|-damage|p2a: Kingambit|42/100 brn|[from] brn\n|upkeep\n|turn|22\n|\n|t:|1761524747\n|-end|p1a: Razor Spine|Protosynthesis|[silent]\n|switch|p1a: Torkoal|Torkoal, M|37/100\n|-weather|SunnyDay|[from] ability: Drought|[of] p1a: Torkoal\n|-end|p2a: Kingambit|fallen3|[silent]\n|switch|p2a: Skarmory|Skarmory, F|86/100 brn\n|\n|-weather|SunnyDay|[upkeep]\n|-damage|p2a: Skarmory|80/100 brn|[from] brn\n|upkeep\n|turn|23\n|\n|t:|1761524752\n|switch|p2a: Kingambit|Kingambit, F, tera:Fairy|42/100 brn\n|-activate|p2a: Kingambit|ability: Supreme Overlord\n|-start|p2a: Kingambit|fallen3|[silent]\n|move|p1a: Torkoal|Lava Plume|p2a: Kingambit\n|-damage|p2a: Kingambit|10/100 brn\n|\n|-weather|SunnyDay|[upkeep]\n|-damage|p2a: Kingambit|4/100 brn|[from] brn\n|upkeep\n|turn|24\n|\n|t:|1761524763\n|switch|p1a: Mandibuzz|Mandibuzz, F|100/100\n|move|p2a: Kingambit|Kowtow Cleave|p1a: Mandibuzz\n|-resisted|p1a: Mandibuzz\n|-damage|p1a: Mandibuzz|92/100\n|\n|-weather|SunnyDay|[upkeep]\n|-damage|p2a: Kingambit|0 fnt|[from] brn\n|faint|p2a: Kingambit\n|-end|p2a: Kingambit|fallen3|[silent]\n|upkeep\n|\n|t:|1761524766\n|switch|p2a: Swellow|Swellow-Mega, F|52/100\n|turn|25\n|\n|t:|1761524792\n|move|p2a: Swellow|Roost|p2a: Swellow\n|-heal|p2a: Swellow|100/100\n|-singleturn|p2a: Swellow|move: Roost\n|move|p1a: Mandibuzz|Foul Play|p2a: Swellow\n|-damage|p2a: Swellow|4/100\n|\n|-weather|SunnyDay|[upkeep]\n|upkeep\n|turn|26\n|\n|t:|1761524803\n|switch|p2a: Skarmory|Skarmory, F|80/100 brn\n|move|p1a: Mandibuzz|Foul Play|p2a: Skarmory\n|-damage|p2a: Skarmory|67/100 brn\n|-damage|p1a: Mandibuzz|75/100|[from] item: Rocky Helmet|[of] p2a: Skarmory\n|\n|-weather|none\n|-damage|p2a: Skarmory|61/100 brn|[from] brn\n|upkeep\n|turn|27\n|\n|t:|1761524809\n|move|p1a: Mandibuzz|Taunt|p2a: Skarmory\n|-start|p2a: Skarmory|move: Taunt\n|cant|p2a: Skarmory|move: Taunt|Stealth Rock\n|\n|-damage|p2a: Skarmory|55/100 brn|[from] brn\n|upkeep\n|turn|28\n|\n|t:|1761524814\n|move|p1a: Mandibuzz|U-turn|p2a: Skarmory\n|-resisted|p2a: Skarmory\n|-damage|p2a: Skarmory|54/100 brn\n|-damage|p1a: Mandibuzz|58/100|[from] item: Rocky Helmet|[of] p2a: Skarmory\n|\n|t:|1761524819\n|switch|p1a: Razor Spine|Razor Spine, F|37/100|[from] U-turn\n|move|p2a: Skarmory|Counter|p1a: Razor Spine\n|-immune|p1a: Razor Spine\n|\n|-damage|p2a: Skarmory|48/100 brn|[from] brn\n|upkeep\n|turn|29\n|\n|t:|1761524841\n|move|p1a: Razor Spine|Will-O-Wisp|p2a: Skarmory|[miss]\n|-miss|p1a: Razor Spine|p2a: Skarmory\n|move|p2a: Skarmory|Counter||[still]\n|-fail|p2a: Skarmory\n|\n|-damage|p2a: Skarmory|42/100 brn|[from] brn\n|-end|p2a: Skarmory|move: Taunt\n|upkeep\n|turn|30\n|\n|t:|1761524848\n|-end|p1a: Razor Spine|Protosynthesis|[silent]\n|switch|p1a: Mandibuzz|Mandibuzz, F|58/100\n|move|p2a: Skarmory|Roost|p2a: Skarmory\n|-heal|p2a: Skarmory|92/100 brn\n|-singleturn|p2a: Skarmory|move: Roost\n|\n|-damage|p2a: Skarmory|86/100 brn|[from] brn\n|upkeep\n|turn|31\n|\n|t:|1761524856\n|switch|p2a: Swellow|Swellow-Mega, F|4/100\n|move|p1a: Mandibuzz|U-turn|p2a: Swellow\n|-resisted|p2a: Swellow\n|-damage|p2a: Swellow|0 fnt\n|faint|p2a: Swellow\n|detailschange|p2: Swellow|Swellow, F|[silent]\n|\n|t:|1761524859\n|switch|p1a: Torkoal|Torkoal, M|37/100|[from] U-turn\n|-weather|SunnyDay|[from] ability: Drought|[of] p1a: Torkoal\n|\n|-weather|SunnyDay|[upkeep]\n|upkeep\n|\n|t:|1761524862\n|switch|p2a: Skarmory|Skarmory, F|86/100 brn\n|turn|32\n|c|☆L_Torchic_L|ggwp\n|\n|t:|1761524868\n|move|p2a: Skarmory|Stealth Rock|p1a: Torkoal\n|-sidestart|p1: DogeTheNoob|move: Stealth Rock\n|move|p1a: Torkoal|Lava Plume|p2a: Skarmory\n|-supereffective|p2a: Skarmory\n|-damage|p2a: Skarmory|0 fnt\n|faint|p2a: Skarmory\n|\n|win|DogeTheNoob\n|l|☆L_Torchic_L\n|player|p2|\n|c|☆DogeTheNoob|ggs\n","players":["DogeTheNoob","L_Torchic_L"],"format":"[Gen 9] NatDex Draft","rating":null,"private":0,"password":null,"inputlog":">version 2648b393cfdf7da47bd5ae3dc5b15174f5569e95\n>start {\"formatid\":\"gen9natdexdraft@@@Tera Type Preview\",\"seed\":\"sodium,fdb895db22f10c867e0b9b999647e277\"}\n>player p1 {\"name\":\"DogeTheNoob\",\"avatar\":\"1\",\"team\":\"Abyluxneon||Leftovers|StormDrain|FlipTurn,AlluringVoice,Scald,Moonlight|Calm|248,,192,,68,|F||||,,,,,Electric]Torkoal||HeavyDutyBoots|Drought|StealthRock,RapidSpin,LavaPlume,SolarBeam|Bold|248,,252,8,,|M||||,,,,,Fire]Gouging Fire||Leftovers|Protosynthesis|MorningSun,HeatCrash,DragonClaw,DragonDance|Adamant|248,64,112,,84,|N||||,Fighting,,,,Fire]Razor Spine||LifeOrb|Protosynthesis|ShadowClaw,MeteorMash,CloseCombat,WillOWisp|Jolly|,252,,,4,252|F||||,,,,,Steel]Mandibuzz||HeavyDutyBoots|BigPecks|Roost,FoulPlay,Uturn,Taunt|Impish|248,,228,,32,|F||||,,,,,Dark]Queendra-Dark||QueendriteDark|SlushRush|WeatherBall,IceBeam,FlipTurn,Disable|Timid|,,,252,4,252|F||||,,,,,Ice\",\"rating\":0}\n>player p2 {\"name\":\"L_Torchic_L\",\"avatar\":\"benga\",\"team\":\"Dragapult||ChoiceSpecs|Infiltrator|DragonPulse,ShadowBall,Thunderbolt,Surf|Timid|4,,,252,,252|F|,0,,,,|||,,,,,Dragon]Rotom|RotomWash|HeavyDutyBoots|Levitate|Defog,VoltSwitch,ThunderWave,HydroPump|Bold|252,,208,48,,|N|,0,,,,|||,,,,,Electric]Skarmory||RockyHelmet|Sturdy|Counter,Roost,StealthRock,Whirlwind|Impish|252,,252,,4,|F|,0,,,,|||,,,,,Steel]Kingambit||HeavyDutyBoots|SupremeOverlord|SwordsDance,SuckerPunch,KowtowCleave,IronHead|Adamant|148,252,,,108,|F||||,,,,,Fairy]Swellow||Swellowite|Guts|Boomburst,QuickAttack,Uturn,Roost|Naughty|4,172,,56,,252|F||||,,,,,Normal]Kabuyeti-Bonfire||ChoiceScarf|IronFist|IcePunch,FirePunch,Uturn,Earthquake|Adamant|,252,,,,252|F||||,,,,,Ice\",\"rating\":0}\n>p1 team 2, 1, 3, 4, 5, 6\n>p2 team 6, 2, 3, 4, 5, 1\n>p1 move stealthrock\n>p2 move uturn\n>p2 switch 2\n>p1 move solarbeam\n>p2 move defog\n>chat ☆L_Torchic_L|lowk\n>chat ☆L_Torchic_L|im using the wrong team lmfao\n>chat ☆L_Torchic_L|BUT WE SHALL CONTINUE\n>p1 move stealthrock\n>p2 move voltswitch\n>p2 switch 2\n>p1 switch 2\n>p2 move earthquake\n>p1 move flipturn\n>p2 switch 2\n>p1 switch 3\n>p1 move dragondance\n>p2 move thunderwave\n>p1 move dragonclaw\n>p2 move defog\n>p2 switch 6\n>p1 move dragonclaw\n>p2 move thunderbolt\n>chat ☆L_Torchic_L|dang\n>chat ☆L_Torchic_L|really thought you were gunna switch\n>p2 switch 2\n>p1 move heatcrash\n>p2 move earthquake\n>chat ☆L_Torchic_L|yeah ill just put the fries in the bag\n>chat ☆DogeTheNoob|LOL\n>p2 switch 5\n>p1 move heatcrash\n>p2 move boomburst mega\n>p1 switch 2\n>p1 switch 4\n>p2 move boomburst\n>p1 move closecombat\n>p2 move uturn\n>p2 switch 3\n>p1 switch 6\n>p2 move stealthrock\n>p1 move weatherball mega\n>p2 move whirlwind\n>p1 move moonlight\n>p2 move roost\n>p1 move scald\n>p2 move roost\n>p1 move flipturn\n>p2 move roost\n>p1 switch 4\n>p1 move rapidspin\n>p2 move whirlwind\n>p1 move flipturn\n>p2 switch 4\n>p1 switch 3\n>p1 move weatherball\n>p2 move ironhead terastallize\n>p1 switch 6\n>p1 move willowisp\n>p2 move suckerpunch\n>p1 switch 4\n>p2 switch 4\n>p1 move lavaplume\n>p2 switch 4\n>p1 switch 5\n>p2 move kowtowcleave\n>p2 switch 3\n>p1 move foulplay\n>p2 move roost\n>p1 move foulplay\n>p2 switch 4\n>p1 move taunt\n>p2 move stealthrock\n>p1 move uturn\n>p2 move counter\n>p1 switch 4\n>p1 move willowisp\n>p2 move counter\n>p1 switch 4\n>p2 move roost\n>p1 move uturn\n>p2 switch 4\n>p1 switch 5\n>p2 switch 4\n>chat ☆L_Torchic_L|ggwp\n>p1 move lavaplume\n>p2 move stealthrock","uploadtime":1761524969}