{"id":"gen9natdexdraft-59","log":"|j|☆lols/bolt strika\n|j|☆Aroma Nobody\n|t:|1760149668\n|gametype|singles\n|player|p1|lols/bolt strika|265|\n|player|p2|Aroma Nobody|169|\n|gen|9\n|tier|[Gen 9] NatDex Draft\n|rule|Sleep Clause Mod: Limit one foe put to sleep\n|rule|OHKO Clause: OHKO moves are banned\n|rule|Evasion Clause: Evasion abilities, items, and moves are banned\n|rule|Evasion Abilities Clause: Evasion abilities are banned\n|rule|Evasion Items Clause: Evasion items are banned\n|rule|Evasion Moves Clause: Evasion moves are banned\n|rule|Endless Battle Clause: Forcing endless battles is banned\n|rule|HP Percentage Mod: HP is shown in percentages\n|clearpoke\n|poke|p1|Elecprobe|\n|poke|p1|Cinderace, M|\n|poke|p1|Jirachi|\n|poke|p1|Eelektross-Hell, F|\n|poke|p1|Mandibuzz, F|\n|poke|p1|Donphan, F|\n|poke|p2|Mewtwah, M|\n|poke|p2|Savage Scythe, M|\n|poke|p2|Howling Flare, F|\n|poke|p2|Plasmatomb, M|\n|poke|p2|Iron Pixel, M|\n|poke|p2|Sawk-Luigi, M|\n|teampreview\n|c|☆Aroma Nobody|glhf\n|c|☆lols/bolt strika|u2\n|c|☆lols/bolt strika|wait its tera preview mb\n|c|☆lols/bolt strika|prode is ground\n|c|☆Aroma Nobody|we can just state\n|c|☆Aroma Nobody|ye\n|c|☆Aroma Nobody|mewtwah is psychic\n|c|☆Aroma Nobody|Plasmatom is electric\n|j| The_Shawdoin\n|j| Arkvis\n|\n|t:|1760149752\n|teamsize|p1|6\n|teamsize|p2|6\n|start\n|switch|p1a: Demeter|Elecprobe, shiny|100/100\n|switch|p2a: Plasmatomb|Plasmatomb, M|100/100\n|turn|1\n|\n|t:|1760149762\n|move|p1a: Demeter|Volt Switch|p2a: Plasmatomb\n|-damage|p2a: Plasmatomb|70/100\n|\n|t:|1760149773\n|switch|p1a: Persephone|Mandibuzz, F, shiny|100/100|[from] Volt Switch\n|move|p2a: Plasmatomb|Trick Room|p2a: Plasmatomb\n|-fieldstart|move: Trick Room|[of] p2a: Plasmatomb\n|\n|upkeep\n|turn|2\n|\n|t:|1760149782\n|switch|p1a: Gaia|Donphan, F, shiny|100/100\n|move|p2a: Plasmatomb|Discharge|p1a: Gaia\n|-immune|p1a: Gaia\n|\n|upkeep\n|turn|3\n|\n|t:|1760149787\n|move|p2a: Plasmatomb|Shadow Ball|p1a: Gaia\n|-damage|p1a: Gaia|61/100\n|-unboost|p1a: Gaia|spd|1\n|-damage|p2a: Plasmatomb|60/100|[from] item: Life Orb\n|move|p1a: Gaia|Earthquake|p2a: Plasmatomb\n|-damage|p2a: Plasmatomb|12/100\n|\n|upkeep\n|turn|4\n|\n|t:|1760149795\n|move|p1a: Gaia|Ice Shard|p2a: Plasmatomb\n|-damage|p2a: Plasmatomb|1/100\n|move|p2a: Plasmatomb|Shadow Ball|p1a: Gaia\n|-damage|p1a: Gaia|4/100\n|-damage|p2a: Plasmatomb|0 fnt|[from] item: Life Orb\n|faint|p2a: Plasmatomb\n|\n|upkeep\n|\n|t:|1760149804\n|switch|p2a: Sawk-Luigi|Sawk-Luigi, M|100/100\n|turn|5\n|\n|t:|1760149813\n|move|p1a: Gaia|Knock Off|p2a: Sawk-Luigi\n|-resisted|p2a: Sawk-Luigi\n|-damage|p2a: Sawk-Luigi|78/100\n|-enditem|p2a: Sawk-Luigi|Heat Rock|[from] move: Knock Off|[of] p1a: Gaia\n|move|p2a: Sawk-Luigi|Sunny Day|p2a: Sawk-Luigi\n|-weather|SunnyDay\n|\n|-weather|SunnyDay|[upkeep]\n|-fieldend|move: Trick Room\n|upkeep\n|turn|6\n|c| Arkvis|Its a him\n|c| Arkvis|Luigi\n|\n|t:|1760149822\n|move|p2a: Sawk-Luigi|Knock Off|p1a: Gaia\n|-damage|p1a: Gaia|0 fnt\n|-enditem|p1a: Gaia|Assault Vest|[from] move: Knock Off|[of] p2a: Sawk-Luigi\n|faint|p1a: Gaia\n|\n|-weather|SunnyDay|[upkeep]\n|upkeep\n|\n|t:|1760149829\n|switch|p1a: Hephaestus|Cinderace, M, shiny|100/100\n|turn|7\n|c|☆Aroma Nobody|It's always a sunny day when luigi is around\n|\n|t:|1760149847\n|move|p1a: Hephaestus|Pyro Ball|p2a: Sawk-Luigi\n|-damage|p2a: Sawk-Luigi|0 fnt\n|faint|p2a: Sawk-Luigi\n|\n|-weather|SunnyDay|[upkeep]\n|upkeep\n|\n|t:|1760149851\n|switch|p2a: Howling Flare|Howling Flare, F|100/100\n|-activate|p2a: Howling Flare|ability: Protosynthesis\n|-start|p2a: Howling Flare|protosynthesisspe\n|turn|8\n|l| Arkvis\n|\n|t:|1760149861\n|move|p2a: Howling Flare|Phantom Force||[still]\n|-prepare|p2a: Howling Flare|Phantom Force\n|-enditem|p2a: Howling Flare|Power Herb\n|-anim|p2a: Howling Flare|Phantom Force|p1a: Hephaestus\n|-damage|p1a: Hephaestus|34/100\n|move|p1a: Hephaestus|Pyro Ball|p2a: Howling Flare\n|-supereffective|p2a: Howling Flare\n|-damage|p2a: Howling Flare|0 fnt\n|faint|p2a: Howling Flare\n|-end|p2a: Howling Flare|Protosynthesis|[silent]\n|\n|-weather|SunnyDay|[upkeep]\n|upkeep\n|j| Arkvis\n|\n|t:|1760149875\n|switch|p2a: Iron Pixel|Iron Pixel, M|100/100\n|-enditem|p2a: Iron Pixel|Booster Energy\n|-activate|p2a: Iron Pixel|ability: Quark Drive|[fromitem]\n|-start|p2a: Iron Pixel|quarkdrivespe\n|turn|9\n|\n|t:|1760149882\n|switch|p1a: Athena|Jirachi, shiny|100/100\n|move|p2a: Iron Pixel|Discharge|p1a: Athena\n|-damage|p1a: Athena|73/100\n|\n|-weather|none\n|-heal|p1a: Athena|80/100|[from] item: Leftovers\n|upkeep\n|turn|10\n|\n|t:|1760149891\n|move|p2a: Iron Pixel|Nasty Plot|p2a: Iron Pixel\n|-boost|p2a: Iron Pixel|spa|2\n|move|p1a: Athena|U-turn|p2a: Iron Pixel\n|-resisted|p2a: Iron Pixel\n|-damage|p2a: Iron Pixel|90/100\n|\n|t:|1760149895\n|switch|p1a: Demeter|Elecprobe, shiny|100/100|[from] U-turn\n|\n|upkeep\n|turn|11\n|\n|t:|1760149899\n|-terastallize|p1a: Demeter|Ground\n|move|p2a: Iron Pixel|Sludge Wave|p1a: Demeter\n|-resisted|p1a: Demeter\n|-damage|p1a: Demeter|21/100\n|move|p1a: Demeter|Tera Blast|p2a: Iron Pixel|[anim] Tera Blast Ground\n|-supereffective|p2a: Iron Pixel\n|-damage|p2a: Iron Pixel|0 fnt\n|faint|p2a: Iron Pixel\n|-end|p2a: Iron Pixel|Quark Drive|[silent]\n|\n|upkeep\n|\n|t:|1760149909\n|switch|p2a: Mewtwah|Mewtwah, M|100/100\n|-ability|p2a: Mewtwah|Pressure\n|turn|12\n|\n|t:|1760149915\n|move|p1a: Demeter|Volt Switch|p2a: Mewtwah\n|-damage|p2a: Mewtwah|54/100\n|\n|t:|1760149919\n|switch|p1a: Achlys|Eelektross-Hell, F, shiny|100/100|[from] Volt Switch\n|move|p2a: Mewtwah|Ice Beam|p1a: Achlys\n|-damage|p1a: Achlys|49/100\n|-status|p1a: Achlys|frz\n|\n|upkeep\n|turn|13\n|\n|t:|1760149926\n|switch|p1a: Athena|Jirachi, shiny|80/100\n|move|p2a: Mewtwah|Ice Beam|p1a: Athena\n|-resisted|p1a: Athena\n|-damage|p1a: Athena|64/100\n|\n|-heal|p1a: Athena|71/100|[from] item: Leftovers\n|upkeep\n|turn|14\n|\n|t:|1760149931\n|switch|p2a: Savage Scythe|Savage Scythe, M|100/100\n|move|p1a: Athena|U-turn|p2a: Savage Scythe\n|-damage|p2a: Savage Scythe|82/100\n|j| durg4\n|\n|t:|1760149935\n|switch|p1a: Persephone|Mandibuzz, F, shiny|100/100|[from] U-turn\n|\n|upkeep\n|turn|15\n|l| durg4\n|\n|t:|1760149943\n|move|p2a: Savage Scythe|Crabhammer|p1a: Persephone\n|-damage|p1a: Persephone|66/100\n|move|p1a: Persephone|Foul Play|p2a: Savage Scythe\n|-damage|p2a: Savage Scythe|20/100\n|\n|-heal|p1a: Persephone|72/100|[from] item: Leftovers\n|upkeep\n|turn|16\n|\n|t:|1760149951\n|move|p2a: Savage Scythe|Crabhammer|p1a: Persephone\n|-damage|p1a: Persephone|42/100\n|move|p1a: Persephone|Foul Play|p2a: Savage Scythe\n|-damage|p2a: Savage Scythe|0 fnt\n|faint|p2a: Savage Scythe\n|-end|p2a: Savage Scythe|Protosynthesis|[silent]\n|\n|-heal|p1a: Persephone|48/100|[from] item: Leftovers\n|upkeep\n|\n|t:|1760149954\n|switch|p2a: Mewtwah|Mewtwah, M|54/100\n|-ability|p2a: Mewtwah|Pressure\n|turn|17\n|\n|t:|1760149967\n|switch|p1a: Athena|Jirachi, shiny|71/100\n|move|p2a: Mewtwah|Flamethrower|p1a: Athena\n|-supereffective|p1a: Athena\n|-damage|p1a: Athena|11/100\n|\n|-heal|p1a: Athena|18/100|[from] item: Leftovers\n|upkeep\n|turn|18\n|\n|t:|1760149973\n|move|p2a: Mewtwah|Flamethrower|p1a: Athena\n|-supereffective|p1a: Athena\n|-damage|p1a: Athena|0 fnt\n|faint|p1a: Athena\n|\n|upkeep\n|\n|t:|1760149974\n|switch|p1a: Hephaestus|Cinderace, M, shiny|34/100\n|turn|19\n|\n|t:|1760149976\n|move|p1a: Hephaestus|U-turn|p2a: Mewtwah\n|-start|p1a: Hephaestus|typechange|Bug|[from] ability: Libero\n|-supereffective|p2a: Mewtwah\n|-damage|p2a: Mewtwah|0 fnt\n|faint|p2a: Mewtwah\n|\n|win|lols/bolt strika\n|c|☆Aroma Nobody|gg\n|c|☆lols/bolt strika|ggs\n|l|☆lols/bolt strika\n|player|p1|\n|j|~SparksTheNeo\n","players":["lols/bolt strika","Aroma Nobody"],"format":"[Gen 9] NatDex Draft","rating":null,"private":0,"password":null,"inputlog":">version c5f06566d1a0a24bc6fa6bc2146fd951ef712f76\n>start {\"formatid\":\"gen9natdexdraft\",\"seed\":\"sodium,de97eeee3cc0023889d0225c4e188a92\"}\n>player p1 {\"name\":\"lols/bolt strika\",\"avatar\":\"265\",\"team\":\"Demeter|Elecprobe|ExpertBelt|Static|TeraBlast,FoulPlay,Thunderbolt,VoltSwitch|Timid|8,,100,240,16,144|N||S||,,,,,Ground]Hephaestus|Cinderace|ChoiceScarf|Libero|Uturn,PyroBall,HighJumpKick,SuckerPunch|Jolly|8,236,28,,12,224|M||S||,,,,,Fire]Athena|Jirachi|Leftovers|SereneGrace|Uturn,StealthRock,ThunderWave,IronHead|Careful|244,4,28,,232,|N||S||,,,,,Steel]Achlys|EelektrossHell|EelektrossiteHELL|Levitate|SwordsDance,GunkShot,DragonClaw,SuckerPunch|Adamant|244,200,52,,12,|F||S||,,,,,Dark]Persephone|Mandibuzz|Leftovers|Overcoat|FoulPlay,Uturn,Roost,Toxic|Impish|236,,232,,40,|F||S||,,,,,Dark]Gaia|Donphan|AssaultVest|Sturdy|Earthquake,RapidSpin,IceShard,KnockOff|Adamant|248,156,12,,92,|F||S||,,,,,Ground\",\"rating\":0}\n>player p2 {\"name\":\"Aroma Nobody\",\"avatar\":\"169\",\"team\":\"Mewtwah||ChoiceSpecs|Pressure|Psystrike,IceBeam,Flamethrower,GrassKnot|Timid|,,,252,4,252|M|,0,,,,|||,,,,,Psychic]Savage Scythe||HeavyDutyBoots|Protosynthesis|KnockOff,Uturn,XScissor,Crabhammer|Adamant|,252,,,4,252|M||||,,,,,Bug]Howling Flare||PowerHerb|Protosynthesis|BraveBird,CloseCombat,LeafBlade,PhantomForce|Adamant|,252,,,4,252|F||||,,,,,Grass]Plasmatomb||LifeOrb|Infiltrator|TrickRoom,Psychic,Discharge,ShadowBall|Quiet|248,,,252,8,|M|,0,,,,|||,,,,,Electric]Iron Pixel||BoosterEnergy|QuarkDrive|EnergyBall,NastyPlot,Discharge,SludgeWave|Timid|,,,252,4,252|M|,0,,,,|||,,,,,Poison]Sawk-Luigi||HeatRock|Sturdy|SunnyDay,CloseCombat,KnockOff,Facade|Jolly|,252,,,4,252|M||||,,,,,Normal\",\"rating\":0}\n>chat ☆Aroma Nobody|glhf\n>chat ☆lols/bolt strika|u2\n>chat ☆lols/bolt strika|wait its tera preview mb\n>chat ☆lols/bolt strika|prode is ground\n>chat ☆Aroma Nobody|we can just state\n>chat ☆Aroma Nobody|ye\n>chat ☆Aroma Nobody|mewtwah is psychic\n>chat ☆Aroma Nobody|Plasmatom is electric\n>p1 team 1, 2, 3, 4, 5, 6\n>p2 team 4, 2, 3, 1, 5, 6\n>p1 move voltswitch\n>p2 move trickroom\n>p1 switch 5\n>p1 switch 6\n>p2 move discharge\n>p1 move earthquake\n>p2 move shadowball\n>p1 move iceshard\n>p2 move shadowball\n>p2 switch 6\n>p1 move knockoff\n>p2 move sunnyday\n>chat  Arkvis|Its a him\n>chat  Arkvis|Luigi\n>p1 move earthquake\n>p2 move knockoff\n>p1 switch 2\n>chat ☆Aroma Nobody|It's always a sunny day when luigi is around\n>p1 move pyroball\n>p2 move closecombat\n>p2 switch 3\n>p1 move pyroball\n>p2 move phantomforce\n>p2 switch 5\n>p1 switch 3\n>p2 move discharge\n>p1 move uturn\n>p2 move nastyplot\n>p1 switch 5\n>p1 move terablast terastallize\n>p2 move sludgewave\n>p2 switch 4\n>p1 move voltswitch\n>p2 move icebeam\n>p1 switch 4\n>p1 switch 5\n>p2 move icebeam\n>p1 move uturn\n>p2 switch 2\n>p1 switch 6\n>p1 move foulplay\n>p2 move crabhammer\n>p1 move foulplay\n>p2 move crabhammer\n>p2 switch 2\n>p1 switch 6\n>p2 move flamethrower\n>p1 move uturn\n>p2 move flamethrower\n>p1 switch 3\n>p1 move uturn\n>p2 move flamethrower","uploadtime":1760150517}