{"id":"gen9natdexdraft-85","log":"|j|☆SparksTheNeo\n|j|☆MegaIdot\n|t:|1760724109\n|gametype|singles\n|player|p1|SparksTheNeo|169|\n|player|p2|MegaIdot|265|\n|gen|9\n|tier|[Gen 9] NatDex Draft\n|rule|Tera Type Preview: Tera Types are shown at Team Preview\n|rule|Sleep Clause Mod: Limit one foe put to sleep\n|rule|OHKO Clause: OHKO moves are banned\n|rule|Evasion Clause: Evasion abilities, items, and moves are banned\n|rule|Evasion Abilities Clause: Evasion abilities are banned\n|rule|Evasion Items Clause: Evasion items are banned\n|rule|Evasion Moves Clause: Evasion moves are banned\n|rule|Endless Battle Clause: Forcing endless battles is banned\n|rule|HP Percentage Mod: HP is shown in percentages\n|raw|<div class=\"infobox\"><details class=\"readmore\" open><summary><strong>1 custom rule:</strong></summary> Tera Type Preview</details></div>\n|clearpoke\n|poke|p1|Toxapex, F|\n|poke|p1|Mienshao-Hoenn, F|\n|poke|p1|Roserade-Hell, F|\n|poke|p1|Heatran, M|\n|poke|p1|Zoroark, M|\n|poke|p1|Braviary, M|\n|poke|p2|Ceruledge, M|\n|poke|p2|Ferrothorn, M|\n|poke|p2|Hydrapple, F|\n|poke|p2|Palafin, F|\n|poke|p2|Gliscor, M|\n|poke|p2|Darkrai|\n|raw|SparksTheNeo's Tera Types:<br /><psicon pokemon=\"toxapex\" /><psicon type=\"Grass\" /> / <psicon pokemon=\"mienshaohoenn\" /><psicon type=\"Fighting\" /> / <psicon pokemon=\"roseradehell\" /><psicon type=\"Dark\" /> / <psicon pokemon=\"heatran\" /><psicon type=\"Dragon\" /> / <psicon pokemon=\"zoroark\" /><psicon type=\"Dark\" /> / <psicon pokemon=\"braviary\" /><psicon type=\"Normal\" />\n|raw|MegaIdot's Tera Types:<br /><psicon pokemon=\"ceruledge\" /><psicon type=\"Fire\" /> / <psicon pokemon=\"ferrothorn\" /><psicon type=\"Grass\" /> / <psicon pokemon=\"hydrapple\" /><psicon type=\"Steel\" /> / <psicon pokemon=\"palafin\" /><psicon type=\"Water\" /> / <psicon pokemon=\"gliscor\" /><psicon type=\"Normal\" /> / <psicon pokemon=\"darkrai\" /><psicon type=\"Dark\" />\n|teampreview\n|c|☆MegaIdot|should be fine now \n|c|☆SparksTheNeo|ok this should work ye\n|c|☆SparksTheNeo|ok once again glhf\n|c|☆MegaIdot|hfhf\n|\n|t:|1760724141\n|teamsize|p1|6\n|teamsize|p2|6\n|start\n|switch|p1a: Mienshao-Hoenn|Mienshao-Hoenn, F|100/100\n|switch|p2a: Palafin|Palafin, F|100/100\n|turn|1\n|\n|t:|1760724147\n|move|p1a: Mienshao-Hoenn|Flamethrower|p2a: Palafin\n|-resisted|p2a: Palafin\n|-damage|p2a: Palafin|73/100\n|-damage|p1a: Mienshao-Hoenn|91/100|[from] item: Life Orb\n|move|p2a: Palafin|Flip Turn|p1a: Mienshao-Hoenn\n|-damage|p1a: Mienshao-Hoenn|22/100\n|replace|p1a: Zoroark|Zoroark, M\n|-end|p1a: Zoroark|Illusion\n|j| The_Shawdoin\n|c| The_Shawdoin|there\n|\n|t:|1760724166\n|detailschange|p2a: Palafin|Palafin-Hero, F\n|switch|p2a: Gliscor|Gliscor, M|100/100|[from] Flip Turn\n|\n|-status|p2a: Gliscor|tox|[from] item: Toxic Orb\n|upkeep\n|turn|2\n|\n|t:|1760724194\n|move|p1a: Zoroark|Dark Pulse|p2a: Gliscor\n|-damage|p2a: Gliscor|36/100 tox\n|-damage|p1a: Zoroark|12/100|[from] item: Life Orb\n|move|p2a: Gliscor|Knock Off|p1a: Zoroark\n|-resisted|p1a: Zoroark\n|-damage|p1a: Zoroark|0 fnt\n|-enditem|p1a: Zoroark|Life Orb|[from] move: Knock Off|[of] p2a: Gliscor\n|faint|p1a: Zoroark\n|\n|-heal|p2a: Gliscor|49/100 tox|[from] ability: Poison Heal\n|upkeep\n|\n|t:|1760724224\n|switch|p1a: Mienshao-Hoenn|Mienshao-Hoenn, F|100/100\n|turn|3\n|\n|t:|1760724235\n|switch|p2a: Hydrapple|Hydrapple, F|100/100\n|move|p1a: Mienshao-Hoenn|Flip Turn|p2a: Hydrapple\n|-resisted|p2a: Hydrapple\n|-damage|p2a: Hydrapple|95/100\n|\n|t:|1760724293\n|switch|p1a: Roserade-Hell|Roserade-Hell, F|100/100|[from] Flip Turn\n|\n|-heal|p2a: Hydrapple|100/100|[from] item: Leftovers\n|upkeep\n|turn|4\n|\n|t:|1760724300\n|detailschange|p1a: Roserade-Hell|Roserade-Hell-Mega, F\n|-mega|p1a: Roserade-Hell|Roserade-Hell|Roseradite HELL\n|-terastallize|p2a: Hydrapple|Steel\n|move|p1a: Roserade-Hell|Wicked Blow|p2a: Hydrapple\n|-crit|p2a: Hydrapple\n|-damage|p2a: Hydrapple|58/100\n|move|p2a: Hydrapple|Tera Blast|p1a: Roserade-Hell|[anim] Tera Blast Steel\n|-supereffective|p1a: Roserade-Hell\n|-damage|p1a: Roserade-Hell|4/100\n|\n|-heal|p2a: Hydrapple|65/100|[from] item: Leftovers\n|upkeep\n|turn|5\n|\n|t:|1760724319\n|switch|p2a: Gliscor|Gliscor, M|49/100 tox\n|move|p1a: Roserade-Hell|Parting Shot|p2a: Gliscor\n|-unboost|p2a: Gliscor|atk|1\n|-unboost|p2a: Gliscor|spa|1\n|\n|t:|1760724333\n|switch|p1a: Mienshao-Hoenn|Mienshao-Hoenn, F|100/100|[from] Parting Shot\n|\n|-heal|p2a: Gliscor|61/100 tox|[from] ability: Poison Heal\n|upkeep\n|turn|6\n|\n|t:|1760724342\n|move|p1a: Mienshao-Hoenn|Close Combat|p2a: Gliscor\n|-resisted|p2a: Gliscor\n|-damage|p2a: Gliscor|42/100 tox\n|-unboost|p1a: Mienshao-Hoenn|def|1\n|-unboost|p1a: Mienshao-Hoenn|spd|1\n|move|p2a: Gliscor|Earthquake|p1a: Mienshao-Hoenn\n|-damage|p1a: Mienshao-Hoenn|43/100\n|\n|-heal|p2a: Gliscor|54/100 tox|[from] ability: Poison Heal\n|upkeep\n|turn|7\n|\n|t:|1760724350\n|switch|p1a: Braviary|Braviary, M|100/100\n|move|p2a: Gliscor|Toxic|p1a: Braviary\n|-status|p1a: Braviary|tox\n|\n|-heal|p2a: Gliscor|67/100 tox|[from] ability: Poison Heal\n|-damage|p1a: Braviary|94/100 tox|[from] psn\n|upkeep\n|turn|8\n|\n|t:|1760724359\n|move|p2a: Gliscor|Knock Off|p1a: Braviary\n|-crit|p1a: Braviary\n|-damage|p1a: Braviary|62/100 tox\n|-enditem|p1a: Braviary|Heavy-Duty Boots|[from] move: Knock Off|[of] p2a: Gliscor\n|move|p1a: Braviary|Dual Wingbeat|p2a: Gliscor\n|-damage|p2a: Gliscor|55/100 tox\n|-damage|p2a: Gliscor|44/100 tox\n|-hitcount|p2a: Gliscor|2\n|\n|-heal|p2a: Gliscor|56/100 tox|[from] ability: Poison Heal\n|-damage|p1a: Braviary|49/100 tox|[from] psn\n|upkeep\n|turn|9\n|\n|t:|1760724367\n|switch|p2a: Ferrothorn|Ferrothorn, M|100/100\n|move|p1a: Braviary|Roost|p1a: Braviary\n|-heal|p1a: Braviary|99/100 tox\n|-singleturn|p1a: Braviary|move: Roost\n|\n|-damage|p1a: Braviary|81/100 tox|[from] psn\n|upkeep\n|turn|10\n|\n|t:|1760724379\n|move|p1a: Braviary|Heat Wave|p2a: Ferrothorn\n|-supereffective|p2a: Ferrothorn\n|-damage|p2a: Ferrothorn|65/100\n|move|p2a: Ferrothorn|Stealth Rock|p1a: Braviary\n|-sidestart|p1: SparksTheNeo|move: Stealth Rock\n|\n|-damage|p1a: Braviary|56/100 tox|[from] psn\n|upkeep\n|turn|11\n|\n|t:|1760724384\n|switch|p2a: Gliscor|Gliscor, M|56/100 tox\n|move|p1a: Braviary|Defog|p2a: Gliscor\n|-unboost|p2a: Gliscor|evasion|1\n|-sideend|p1: SparksTheNeo|Stealth Rock|[from] move: Defog|[of] p1a: Braviary\n|\n|-heal|p2a: Gliscor|69/100 tox|[from] ability: Poison Heal\n|-damage|p1a: Braviary|25/100 tox|[from] psn\n|upkeep\n|turn|12\n|\n|t:|1760724396\n|move|p2a: Gliscor|Earthquake|p1a: Braviary\n|-immune|p1a: Braviary\n|move|p1a: Braviary|Dual Wingbeat|p2a: Gliscor\n|-damage|p2a: Gliscor|57/100 tox\n|-damage|p2a: Gliscor|45/100 tox\n|-hitcount|p2a: Gliscor|2\n|\n|-heal|p2a: Gliscor|57/100 tox|[from] ability: Poison Heal\n|-damage|p1a: Braviary|0 fnt|[from] psn\n|faint|p1a: Braviary\n|upkeep\n|\n|t:|1760724404\n|switch|p1a: Mienshao-Hoenn|Mienshao-Hoenn, F|76/100\n|turn|13\n|\n|t:|1760724410\n|switch|p2a: Ferrothorn|Ferrothorn, M|65/100\n|move|p1a: Mienshao-Hoenn|Surging Strikes|p2a: Ferrothorn\n|-resisted|p2a: Ferrothorn\n|-crit|p2a: Ferrothorn\n|-damage|p2a: Ferrothorn|58/100\n|-damage|p1a: Mienshao-Hoenn|64/100|[from] ability: Iron Barbs|[of] p2a: Ferrothorn\n|-resisted|p2a: Ferrothorn\n|-crit|p2a: Ferrothorn\n|-damage|p2a: Ferrothorn|51/100\n|-damage|p1a: Mienshao-Hoenn|51/100|[from] ability: Iron Barbs|[of] p2a: Ferrothorn\n|-resisted|p2a: Ferrothorn\n|-crit|p2a: Ferrothorn\n|-damage|p2a: Ferrothorn|44/100\n|-damage|p1a: Mienshao-Hoenn|39/100|[from] ability: Iron Barbs|[of] p2a: Ferrothorn\n|-hitcount|p2a: Ferrothorn|3\n|\n|upkeep\n|turn|14\n|\n|t:|1760724420\n|switch|p1a: Roserade-Hell|Roserade-Hell-Mega, F|4/100\n|move|p2a: Ferrothorn|Stealth Rock|p1a: Roserade-Hell\n|-sidestart|p1: SparksTheNeo|move: Stealth Rock\n|\n|upkeep\n|turn|15\n|\n|t:|1760724426\n|move|p1a: Roserade-Hell|Close Combat|p2a: Ferrothorn\n|-supereffective|p2a: Ferrothorn\n|-enditem|p2a: Ferrothorn|Chople Berry|[eat]\n|-enditem|p2a: Ferrothorn|Chople Berry|[weaken]\n|-damage|p2a: Ferrothorn|14/100\n|-unboost|p1a: Roserade-Hell|def|1\n|-unboost|p1a: Roserade-Hell|spd|1\n|-damage|p1a: Roserade-Hell|0 fnt|[from] ability: Iron Barbs|[of] p2a: Ferrothorn\n|faint|p1a: Roserade-Hell\n|detailschange|p1: Roserade-Hell|Roserade-Hell, F|[silent]\n|move|p2a: Ferrothorn|Leech Seed|p1: Roserade-Hell|[notarget]\n|-fail|p2a: Ferrothorn\n|\n|upkeep\n|\n|t:|1760724453\n|switch|p1a: Heatran|Heatran, M|100/100\n|-damage|p1a: Heatran|88/100|[from] Stealth Rock\n|turn|16\n|\n|t:|1760724457\n|move|p1a: Heatran|Earth Power|p2a: Ferrothorn\n|-damage|p2a: Ferrothorn|0 fnt\n|faint|p2a: Ferrothorn\n|\n|-heal|p1a: Heatran|94/100|[from] item: Leftovers\n|upkeep\n|\n|t:|1760724471\n|switch|p2a: Gliscor|Gliscor, M|57/100 tox\n|turn|17\n|\n|t:|1760724476\n|-terastallize|p1a: Heatran|Dragon\n|move|p2a: Gliscor|Earthquake|p1a: Heatran\n|-crit|p1a: Heatran\n|-damage|p1a: Heatran|50/100\n|move|p1a: Heatran|Magma Storm|p2a: Gliscor\n|-damage|p2a: Gliscor|0 fnt\n|faint|p2a: Gliscor\n|\n|-heal|p1a: Heatran|56/100|[from] item: Leftovers\n|upkeep\n|\n|t:|1760724485\n|switch|p2a: Hydrapple|Hydrapple, F, tera:Steel|98/100\n|turn|18\n|\n|t:|1760724510\n|move|p1a: Heatran|Magma Storm|p2a: Hydrapple\n|-supereffective|p2a: Hydrapple\n|-damage|p2a: Hydrapple|8/100\n|-activate|p2a: Hydrapple|move: Magma Storm|[of] p1a: Heatran\n|move|p2a: Hydrapple|Fickle Beam|p1a: Heatran\n|-supereffective|p1a: Heatran\n|-damage|p1a: Heatran|0 fnt\n|faint|p1a: Heatran\n|\n|-heal|p2a: Hydrapple|14/100|[from] item: Leftovers\n|-end|p2a: Hydrapple|Magma Storm|[partiallytrapped]|[silent]\n|upkeep\n|\n|t:|1760724523\n|switch|p1a: Mienshao-Hoenn|Mienshao-Hoenn, F|72/100\n|-damage|p1a: Mienshao-Hoenn|67/100|[from] Stealth Rock\n|turn|19\n|\n|t:|1760724526\n|move|p1a: Mienshao-Hoenn|Surging Strikes|p2a: Hydrapple\n|-crit|p2a: Hydrapple\n|-damage|p2a: Hydrapple|0 fnt\n|faint|p2a: Hydrapple\n|-hitcount|p2: Hydrapple|1\n|\n|upkeep\n|\n|t:|1760724529\n|switch|p2a: Palafin|Palafin-Hero, F|73/100\n|-activate|p2a: Palafin|ability: Zero to Hero\n|turn|20\n|\n|t:|1760724532\n|switch|p1a: Toxapex|Toxapex, F|100/100\n|-damage|p1a: Toxapex|88/100|[from] Stealth Rock\n|move|p2a: Palafin|Flip Turn|p1a: Toxapex\n|-resisted|p1a: Toxapex\n|-damage|p1a: Toxapex|69/100\n|-damage|p2a: Palafin|56/100|[from] item: Rocky Helmet|[of] p1a: Toxapex\n|\n|t:|1760724535\n|switch|p2a: Darkrai|Darkrai|100/100|[from] Flip Turn\n|\n|upkeep\n|turn|21\n|\n|t:|1760724542\n|move|p2a: Darkrai|Dark Pulse|p1a: Toxapex\n|-damage|p1a: Toxapex|26/100\n|-damage|p2a: Darkrai|91/100|[from] item: Life Orb\n|cant|p1a: Toxapex|flinch\n|\n|upkeep\n|turn|22\n|\n|t:|1760724548\n|move|p2a: Darkrai|Dark Pulse|p1a: Toxapex\n|-damage|p1a: Toxapex|0 fnt\n|faint|p1a: Toxapex\n|-damage|p2a: Darkrai|81/100|[from] item: Life Orb\n|\n|upkeep\n|\n|t:|1760724551\n|switch|p1a: Mienshao-Hoenn|Mienshao-Hoenn, F|99/100\n|-damage|p1a: Mienshao-Hoenn|94/100|[from] Stealth Rock\n|turn|23\n|c|☆MegaIdot|mb\n|c|☆SparksTheNeo|nah it fine\n|\n|t:|1760724557\n|move|p1a: Mienshao-Hoenn|Surging Strikes|p2a: Darkrai\n|-crit|p2a: Darkrai\n|-damage|p2a: Darkrai|57/100\n|-crit|p2a: Darkrai\n|-damage|p2a: Darkrai|33/100\n|-crit|p2a: Darkrai\n|-damage|p2a: Darkrai|7/100\n|-hitcount|p2a: Darkrai|3\n|move|p2a: Darkrai|Dark Pulse|p1a: Mienshao-Hoenn\n|-resisted|p1a: Mienshao-Hoenn\n|-damage|p1a: Mienshao-Hoenn|44/100\n|-damage|p2a: Darkrai|0 fnt|[from] item: Life Orb\n|faint|p2a: Darkrai\n|\n|upkeep\n|\n|t:|1760724567\n|switch|p2a: Ceruledge|Ceruledge, M, shiny|100/100\n|turn|24\n|c|☆SparksTheNeo|actually maybe i wouldve killed without flinch\n|c|☆SparksTheNeo|ur not fine\n|c|☆SparksTheNeo|banned\n|c|☆MegaIdot|;-;\n|\n|t:|1760724583\n|detailschange|p2a: Ceruledge|Ceruledge-Mega, M, shiny\n|-mega|p2a: Ceruledge|Ceruledge|Ceruledgite\n|move|p2a: Ceruledge|Shadow Sneak|p1a: Mienshao-Hoenn\n|-damage|p1a: Mienshao-Hoenn|15/100\n|move|p1a: Mienshao-Hoenn|Surging Strikes|p2a: Ceruledge\n|-supereffective|p2a: Ceruledge\n|-crit|p2a: Ceruledge\n|-damage|p2a: Ceruledge|57/100\n|-supereffective|p2a: Ceruledge\n|-crit|p2a: Ceruledge\n|-damage|p2a: Ceruledge|13/100\n|-supereffective|p2a: Ceruledge\n|-crit|p2a: Ceruledge\n|-damage|p2a: Ceruledge|0 fnt\n|faint|p2a: Ceruledge\n|detailschange|p2: Ceruledge|Ceruledge, M, shiny|[silent]\n|-hitcount|p2: Ceruledge|3\n|\n|upkeep\n|\n|t:|1760724589\n|switch|p2a: Palafin|Palafin-Hero, F|56/100\n|turn|25\n|c|☆SparksTheNeo|crit mattered\n|\n|t:|1760724596\n|move|p2a: Palafin|Jet Punch|p1a: Mienshao-Hoenn\n|-resisted|p1a: Mienshao-Hoenn\n|-damage|p1a: Mienshao-Hoenn|0 fnt\n|faint|p1a: Mienshao-Hoenn\n|\n|win|MegaIdot\n|c|☆SparksTheNeo|gg\n|c|☆MegaIdot|ggs\n","players":["SparksTheNeo","MegaIdot"],"format":"[Gen 9] NatDex Draft","rating":null,"private":0,"password":null,"inputlog":">version 266cd7969f11373d44307dd452d2e51e08c39070\n>start {\"formatid\":\"gen9natdexdraft@@@Tera Type Preview\",\"seed\":\"sodium,b0aedaccc79c34f36e4cf7b09baf7ef3\"}\n>player p1 {\"name\":\"SparksTheNeo\",\"avatar\":\"169\",\"team\":\"Toxapex||RockyHelmet|Regenerator|Haze,Scald,Toxic,Recover|Bold|248,,252,,8,|F|,0,,,,|||,,,,,Grass]Mienshao-Hoenn||ChoiceScarf|Regenerator|KnockOff,FlipTurn,CloseCombat,SurgingStrikes|Jolly|,252,,,4,252|F||||,,,,,Fighting]Roserade-Hell||RoseraditeHELL|NaturalCure|PartingShot,PoisonJab,WickedBlow,CloseCombat|Jolly|,252,,,4,252|F||||,,,,,Dark]Heatran||Leftovers|FlashFire|MagmaStorm,Protect,EarthPower,WillOWisp|Calm|252,,,4,252,|M|,0,,,,|||,,,,,Dragon]Zoroark||LifeOrb|Illusion|NastyPlot,Flamethrower,DarkPulse,SludgeBomb|Timid|,,,252,4,252|M|,0,,,,|||,,,,,Dark]Braviary||HeavyDutyBoots|Defiant|Roost,Defog,DualWingbeat,HeatWave|Brave|248,,20,,240,|M||||,,,,,Normal\",\"rating\":0}\n>player p2 {\"name\":\"MegaIdot\",\"avatar\":\"265\",\"team\":\"Ceruledge||Ceruledgite|WeakArmor|SwordsDance,BitterBlade,CloseCombat,ShadowSneak|Jolly|,252,,,4,252|M||S||,,,,,Fire]Ferrothorn||ChopleBerry|IronBarbs|LeechSeed,ThunderWave,PowerWhip,StealthRock|Careful|248,,8,,252,|M||||,,,,,Grass]Hydrapple||Leftovers|Regenerator|NastyPlot,FickleBeam,TeraBlast,GigaDrain|Modest|252,,,252,4,|F||||,,,,,Steel]Palafin||ChoiceBand|ZerotoHero|CloseCombat,FlipTurn,JetPunch,WaveCrash|Adamant|,252,,,4,252|F||||,,,,,Water]Gliscor||ToxicOrb|PoisonHeal|Earthquake,Toxic,KnockOff,Defog|Impish|252,,184,,,72|M||||,,,,,Normal]Darkrai||LifeOrb|BadDreams|NastyPlot,DarkPulse,FocusBlast,IceBeam|Timid|,,,252,4,252|N|,0,,,,|||,,,,,Dark\",\"rating\":0}\n>chat ☆MegaIdot|should be fine now \n>chat ☆SparksTheNeo|ok this should work ye\n>chat ☆SparksTheNeo|ok once again glhf\n>chat ☆MegaIdot|hfhf\n>p1 team 5, 6, 1, 3, 4, 2\n>p2 team 4, 2, 3, 1, 5, 6\n>p1 move flamethrower\n>p2 move flipturn\n>chat  The_Shawdoin|there\n>p2 switch 5\n>p1 move darkpulse\n>p2 move knockoff\n>p1 switch 6\n>p1 move flipturn\n>p2 switch 3\n>p1 switch 4\n>p1 move wickedblow mega\n>p2 move terablast terastallize\n>p1 move partingshot\n>p2 switch 3\n>p1 switch 4\n>p1 move closecombat\n>p2 move earthquake\n>p1 switch 2\n>p2 move toxic\n>p1 move dualwingbeat\n>p2 move knockoff\n>p1 move roost\n>p2 switch 2\n>p1 move heatwave\n>p2 move stealthrock\n>p1 move defog\n>p2 switch 2\n>p1 move dualwingbeat\n>p2 move earthquake\n>p1 switch 2\n>p1 move surgingstrikes\n>p2 switch 2\n>p1 switch 4\n>p2 move stealthrock\n>p1 move closecombat\n>p2 move leechseed\n>p1 switch 5\n>p1 move earthpower\n>p2 move thunderwave\n>p2 switch 2\n>p1 move magmastorm terastallize\n>p2 move earthquake\n>p2 switch 3\n>p1 move magmastorm\n>p2 move ficklebeam\n>p1 switch 4\n>p1 move surgingstrikes\n>p2 move gigadrain\n>p2 switch 5\n>p1 switch 3\n>p2 move flipturn\n>p2 switch 6\n>p1 move toxic\n>p2 move darkpulse\n>p1 move toxic\n>p2 move darkpulse\n>p1 switch 3\n>chat ☆MegaIdot|mb\n>chat ☆SparksTheNeo|nah it fine\n>p1 move surgingstrikes\n>p2 move darkpulse\n>p2 switch 4\n>chat ☆SparksTheNeo|actually maybe i wouldve killed without flinch\n>chat ☆SparksTheNeo|ur not fine\n>chat ☆SparksTheNeo|banned\n>chat ☆MegaIdot|;-;\n>p1 move surgingstrikes\n>p2 move shadowsneak mega\n>p2 switch 6\n>chat ☆SparksTheNeo|crit mattered\n>p1 move surgingstrikes\n>p2 move jetpunch","uploadtime":1760724608}