{"id":"gen9natdexdraft-512","log":"|j|☆Mooses Gangooses\n|j|☆staygexxed\n|t:|1763851507\n|gametype|singles\n|player|p1|Mooses Gangooses|volkner|\n|player|p2|staygexxed|169|\n|gen|9\n|tier|[Gen 9] NatDex Draft\n|rule|Tera Type Preview: Tera Types are shown at Team Preview\n|rule|Sleep Clause Mod: Limit one foe put to sleep\n|rule|OHKO Clause: OHKO moves are banned\n|rule|Evasion Clause: Evasion abilities, items, and moves are banned\n|rule|Evasion Abilities Clause: Evasion abilities are banned\n|rule|Evasion Items Clause: Evasion items are banned\n|rule|Evasion Moves Clause: Evasion moves are banned\n|rule|Endless Battle Clause: Forcing endless battles is banned\n|rule|HP Percentage Mod: HP is shown in percentages\n|raw|<div class=\"infobox\"><details class=\"readmore\" open><summary><strong>1 custom rule:</strong></summary> Tera Type Preview</details></div>\n|clearpoke\n|poke|p1|Chien-Pao|\n|poke|p1|Milotic-Hell, F|\n|poke|p1|Orchestarrot, F|\n|poke|p1|Cinderace, M|\n|poke|p1|Alomomola, M|\n|poke|p1|Scizor, M|\n|poke|p2|Beheeyem, F|\n|poke|p2|Iron Spore, M|\n|poke|p2|Gardevoir-Hell, M|\n|poke|p2|Probenose, F|\n|poke|p2|Savage Scythe, F|\n|poke|p2|Ho-Ho, M|\n|raw|Mooses Gangooses's Tera Types:<br /><psicon pokemon=\"chienpao\" /><psicon type=\"Dark\" /> / <psicon pokemon=\"milotichell\" /><psicon type=\"Dragon\" /> / <psicon pokemon=\"orchestarrot\" /><psicon type=\"Normal\" /> / <psicon pokemon=\"cinderace\" /><psicon type=\"Fire\" /> / <psicon pokemon=\"alomomola\" /><psicon type=\"Water\" /> / <psicon pokemon=\"scizor\" /><psicon type=\"Bug\" />\n|raw|staygexxed's Tera Types:<br /><psicon pokemon=\"beheeyem\" /><psicon type=\"Psychic\" /> / <psicon pokemon=\"ironspore\" /><psicon type=\"Grass\" /> / <psicon pokemon=\"gardevoirhell\" /><psicon type=\"Fairy\" /> / <psicon pokemon=\"probenose\" /><psicon type=\"Electric\" /> / <psicon pokemon=\"savagescythe\" /><psicon type=\"Bug\" /> / <psicon pokemon=\"hoho\" /><psicon type=\"Water\" />\n|teampreview\n|c|☆Mooses Gangooses|Have luck, good fun \n|\n|t:|1763851608\n|teamsize|p1|6\n|teamsize|p2|6\n|start\n|switch|p1a: Furnace|Cinderace, M|100/100\n|switch|p2a: Savage Scythe|Savage Scythe, F|100/100\n|-enditem|p2a: Savage Scythe|Booster Energy\n|-activate|p2a: Savage Scythe|ability: Protosynthesis|[fromitem]\n|-start|p2a: Savage Scythe|protosynthesisspe\n|turn|1\n|\n|t:|1763851619\n|switch|p1a: Boudoir|Milotic-Hell, F, shiny|100/100\n|move|p2a: Savage Scythe|Swords Dance|p2a: Savage Scythe\n|-boost|p2a: Savage Scythe|atk|2\n|\n|upkeep\n|turn|2\n|\n|t:|1763851624\n|detailschange|p1a: Boudoir|Milotic-Mega-Hell, F, shiny\n|-mega|p1a: Boudoir|Milotic-Hell|Miloticite HELL\n|-weather|PrimordialSea|[from] ability: Primordial Sea|[of] p1a: Boudoir\n|move|p2a: Savage Scythe|Leech Life|p1a: Boudoir\n|-damage|p1a: Boudoir|35/100\n|move|p1a: Boudoir|Draco Meteor|p2a: Savage Scythe\n|-damage|p2a: Savage Scythe|0 fnt\n|-unboost|p1a: Boudoir|spa|2\n|faint|p2a: Savage Scythe\n|-end|p2a: Savage Scythe|Protosynthesis|[silent]\n|\n|-weather|PrimordialSea|[upkeep]\n|upkeep\n|\n|t:|1763851633\n|switch|p2a: Beheeyem|Beheeyem, F|100/100\n|turn|3\n|\n|t:|1763851639\n|detailschange|p2a: Beheeyem|Beheeyem-Mega, F\n|-mega|p2a: Beheeyem|Beheeyem|Beheeyemite\n|move|p1a: Boudoir|Recover|p1a: Boudoir\n|-heal|p1a: Boudoir|85/100\n|move|p2a: Beheeyem|Barrier|p2a: Beheeyem\n|-boost|p2a: Beheeyem|def|2\n|\n|-weather|PrimordialSea|[upkeep]\n|upkeep\n|turn|4\n|\n|t:|1763851657\n|move|p1a: Boudoir|Flip Turn|p2a: Beheeyem\n|-damage|p2a: Beheeyem|95/100\n|\n|t:|1763851684\n|-weather|none\n|switch|p1a: Mechanarium|Scizor, M|100/100|[from] Flip Turn\n|move|p2a: Beheeyem|Barrier|p2a: Beheeyem\n|-boost|p2a: Beheeyem|def|2\n|\n|upkeep\n|turn|5\n|\n|t:|1763851690\n|move|p1a: Mechanarium|U-turn|p2a: Beheeyem\n|-damage|p2a: Beheeyem|85/100\n|\n|t:|1763851696\n|switch|p1a: Boudoir|Milotic-Mega-Hell, F, shiny|85/100|[from] U-turn\n|-weather|PrimordialSea|[from] ability: Primordial Sea|[of] p1a: Boudoir\n|move|p2a: Beheeyem|Calm Mind|p2a: Beheeyem\n|-boost|p2a: Beheeyem|spa|1\n|-boost|p2a: Beheeyem|spd|1\n|\n|-weather|PrimordialSea|[upkeep]\n|upkeep\n|turn|6\n|\n|t:|1763851702\n|move|p1a: Boudoir|Surf|p2a: Beheeyem\n|-damage|p2a: Beheeyem|59/100\n|move|p2a: Beheeyem|Calm Mind|p2a: Beheeyem\n|-boost|p2a: Beheeyem|spa|1\n|-boost|p2a: Beheeyem|spd|1\n|\n|-weather|PrimordialSea|[upkeep]\n|upkeep\n|turn|7\n|\n|t:|1763851710\n|move|p1a: Boudoir|Surf|p2a: Beheeyem\n|-damage|p2a: Beheeyem|37/100\n|move|p2a: Beheeyem|Recover|p2a: Beheeyem\n|-heal|p2a: Beheeyem|87/100\n|\n|-weather|PrimordialSea|[upkeep]\n|upkeep\n|turn|8\n|\n|t:|1763851715\n|move|p1a: Boudoir|Surf|p2a: Beheeyem\n|-damage|p2a: Beheeyem|68/100\n|move|p2a: Beheeyem|Calm Mind|p2a: Beheeyem\n|-boost|p2a: Beheeyem|spa|1\n|-boost|p2a: Beheeyem|spd|1\n|\n|-weather|PrimordialSea|[upkeep]\n|upkeep\n|turn|9\n|\n|t:|1763851718\n|move|p1a: Boudoir|Surf|p2a: Beheeyem\n|-damage|p2a: Beheeyem|53/100\n|move|p2a: Beheeyem|Recover|p2a: Beheeyem\n|-heal|p2a: Beheeyem|100/100\n|\n|-weather|PrimordialSea|[upkeep]\n|upkeep\n|turn|10\n|\n|t:|1763851723\n|move|p1a: Boudoir|Surf|p2a: Beheeyem\n|-damage|p2a: Beheeyem|85/100\n|move|p2a: Beheeyem|Calm Mind|p2a: Beheeyem\n|-boost|p2a: Beheeyem|spa|1\n|-boost|p2a: Beheeyem|spd|1\n|\n|-weather|PrimordialSea|[upkeep]\n|upkeep\n|turn|11\n|\n|t:|1763851726\n|move|p1a: Boudoir|Surf|p2a: Beheeyem\n|-damage|p2a: Beheeyem|71/100\n|move|p2a: Beheeyem|Recover|p2a: Beheeyem\n|-heal|p2a: Beheeyem|100/100\n|\n|-weather|PrimordialSea|[upkeep]\n|upkeep\n|turn|12\n|\n|t:|1763851729\n|move|p1a: Boudoir|Surf|p2a: Beheeyem\n|-damage|p2a: Beheeyem|87/100\n|move|p2a: Beheeyem|Calm Mind|p2a: Beheeyem\n|-boost|p2a: Beheeyem|spa|1\n|-boost|p2a: Beheeyem|spd|1\n|\n|-weather|PrimordialSea|[upkeep]\n|upkeep\n|turn|13\n|\n|t:|1763851732\n|move|p1a: Boudoir|Surf|p2a: Beheeyem\n|-damage|p2a: Beheeyem|76/100\n|move|p2a: Beheeyem|Recover|p2a: Beheeyem\n|-heal|p2a: Beheeyem|100/100\n|\n|-weather|PrimordialSea|[upkeep]\n|upkeep\n|turn|14\n|\n|t:|1763851735\n|move|p1a: Boudoir|Flip Turn|p2a: Beheeyem\n|-damage|p2a: Beheeyem|97/100\n|\n|t:|1763851738\n|-weather|none\n|switch|p1a: Aquarium|Alomomola, M, shiny|100/100|[from] Flip Turn\n|move|p2a: Beheeyem|Barrier|p2a: Beheeyem\n|-boost|p2a: Beheeyem|def|2\n|\n|upkeep\n|turn|15\n|\n|t:|1763851743\n|move|p1a: Aquarium|Wish|p1a: Aquarium\n|-ability|p2a: Beheeyem|DNA Tracing\n|move|p2a: Beheeyem|Reflect Type|p1a: Aquarium|[from] ability: DNA Tracing\n|-start|p2a: Beheeyem|typechange|[from] move: Reflect Type|[of] p1a: Aquarium\n|move|p2a: Beheeyem|Synchronoise|p1a: Aquarium\n|-damage|p1a: Aquarium|0 fnt\n|faint|p1a: Aquarium\n|\n|-ability|p2a: Beheeyem|DNA Tracing\n|-message|Beheeyem's DNA Tracing reverted its type!\n|upkeep\n|\n|t:|1763851756\n|switch|p1a: Conservatory|Orchestarrot, F, shiny|100/100\n|turn|16\n|\n|t:|1763851760\n|-terastallize|p1a: Conservatory|Normal\n|move|p1a: Conservatory|Boomburst|p2a: Beheeyem\n|-resisted|p2a: Beheeyem\n|-damage|p2a: Beheeyem|84/100\n|-ability|p2a: Beheeyem|DNA Tracing\n|move|p2a: Beheeyem|Reflect Type|p1a: Conservatory|[from] ability: DNA Tracing\n|-start|p2a: Beheeyem|typechange|[from] move: Reflect Type|[of] p1a: Conservatory\n|move|p2a: Beheeyem|Synchronoise|p1a: Conservatory\n|-damage|p1a: Conservatory|0 fnt\n|faint|p1a: Conservatory\n|\n|-ability|p2a: Beheeyem|DNA Tracing\n|-message|Beheeyem's DNA Tracing reverted its type!\n|upkeep\n|\n|t:|1763851771\n|switch|p1a: Furnace|Cinderace, M|100/100\n|turn|17\n|\n|t:|1763851775\n|move|p1a: Furnace|High Jump Kick|p2a: Beheeyem|[miss]\n|-start|p1a: Furnace|typechange|Fighting|[from] ability: Libero\n|-miss|p1a: Furnace|p2a: Beheeyem\n|-damage|p1a: Furnace|51/100|[from] highjumpkick\n|-ability|p2a: Beheeyem|DNA Tracing\n|move|p2a: Beheeyem|Reflect Type|p1a: Furnace|[from] ability: DNA Tracing\n|-start|p2a: Beheeyem|typechange|[from] move: Reflect Type|[of] p1a: Furnace\n|move|p2a: Beheeyem|Synchronoise|p1a: Furnace\n|-damage|p1a: Furnace|0 fnt\n|faint|p1a: Furnace\n|\n|-ability|p2a: Beheeyem|DNA Tracing\n|-message|Beheeyem's DNA Tracing reverted its type!\n|upkeep\n|\n|t:|1763851781\n|switch|p1a: Boudoir|Milotic-Mega-Hell, F, shiny|85/100\n|-weather|PrimordialSea|[from] ability: Primordial Sea|[of] p1a: Boudoir\n|turn|18\n|\n|t:|1763851785\n|move|p1a: Boudoir|Draco Meteor|p2a: Beheeyem\n|-resisted|p2a: Beheeyem\n|-damage|p2a: Beheeyem|75/100\n|-unboost|p1a: Boudoir|spa|2\n|move|p2a: Beheeyem|Recover|p2a: Beheeyem\n|-heal|p2a: Beheeyem|100/100\n|\n|-weather|PrimordialSea|[upkeep]\n|upkeep\n|turn|19\n|\n|t:|1763851791\n|move|p1a: Boudoir|Draco Meteor|p2a: Beheeyem\n|-resisted|p2a: Beheeyem\n|-damage|p2a: Beheeyem|97/100\n|-unboost|p1a: Boudoir|spa|2\n|-ability|p2a: Beheeyem|DNA Tracing\n|move|p2a: Beheeyem|Reflect Type|p1a: Boudoir|[from] ability: DNA Tracing\n|-start|p2a: Beheeyem|typechange|[from] move: Reflect Type|[of] p1a: Boudoir\n|move|p2a: Beheeyem|Synchronoise|p1a: Boudoir\n|-crit|p1a: Boudoir\n|-damage|p1a: Boudoir|0 fnt\n|faint|p1a: Boudoir\n|-weather|none\n|detailschange|p1: Boudoir|Milotic-Hell, F, shiny|[silent]\n|\n|-ability|p2a: Beheeyem|DNA Tracing\n|-message|Beheeyem's DNA Tracing reverted its type!\n|upkeep\n|\n|t:|1763851794\n|switch|p1a: Freezer|Chien-Pao|100/100\n|-ability|p1a: Freezer|Sword of Ruin\n|turn|20\n|\n|t:|1763851796\n|move|p1a: Freezer|Ice Spinner|p2a: Beheeyem\n|-resisted|p2a: Beheeyem\n|-damage|p2a: Beheeyem|88/100\n|-ability|p2a: Beheeyem|DNA Tracing\n|move|p2a: Beheeyem|Reflect Type|p1a: Freezer|[from] ability: DNA Tracing\n|-start|p2a: Beheeyem|typechange|[from] move: Reflect Type|[of] p1a: Freezer\n|move|p2a: Beheeyem|Synchronoise|p1a: Freezer\n|-damage|p1a: Freezer|0 fnt\n|faint|p1a: Freezer\n|\n|-ability|p2a: Beheeyem|DNA Tracing\n|-message|Beheeyem's DNA Tracing reverted its type!\n|upkeep\n|\n|t:|1763851804\n|switch|p1a: Mechanarium|Scizor, M|100/100\n|turn|21\n|\n|t:|1763851805\n|move|p1a: Mechanarium|U-turn|p2a: Beheeyem\n|-damage|p2a: Beheeyem|82/100\n|-ability|p2a: Beheeyem|DNA Tracing\n|move|p2a: Beheeyem|Reflect Type|p1a: Mechanarium|[from] ability: DNA Tracing\n|-start|p2a: Beheeyem|typechange|[from] move: Reflect Type|[of] p1a: Mechanarium\n|move|p2a: Beheeyem|Synchronoise|p1a: Mechanarium\n|-damage|p1a: Mechanarium|0 fnt\n|faint|p1a: Mechanarium\n|\n|win|staygexxed\n|l|☆Mooses Gangooses\n|player|p1|\n","players":["Mooses Gangooses","staygexxed"],"format":"[Gen 9] NatDex Draft","rating":null,"private":0,"password":null,"inputlog":">version fcbd19b897670a6ca2d6afcd55efaaf2b6c6cc9b\n>start {\"formatid\":\"gen9natdexdraft@@@Tera Type Preview\",\"seed\":\"sodium,87662ba1139dee9c884e2d262e972f20\"}\n>player p1 {\"name\":\"Mooses Gangooses\",\"avatar\":\"volkner\",\"team\":\"Freezer|ChienPao|ChoiceBand|SwordofRuin|Crunch,IceSpinner,IceShard,BrickBreak|Jolly|,252,,,4,252|N||||,,,,,Dark]Boudoir|MiloticHell|MiloticiteHELL|MarvelScale|DracoMeteor,Surf,Recover,FlipTurn|Modest|252,,,252,4,|F||S||,,,,,Dragon]Conservatory|Orchestarrot|ChoiceSpecs|Soundproof|Boomburst,Psychic,HeatWave,Uturn|Timid|,,,252,4,252|F||S||,,,,,Normal]Furnace|Cinderace|HeavyDutyBoots|Libero|HighJumpKick,GunkShot,QuickAttack,Uturn|Jolly|,252,,,4,252|M||||,,,,,Fire]Aquarium|Alomomola|HeavyDutyBoots|Regenerator|Scald,KnockOff,Wish,FlipTurn|Impish|252,4,252,,,|M||S||,,,,,Water]Mechanarium|Scizor|HeavyDutyBoots|Swarm|BulletPunch,Uturn,Defog,Roost|Impish|248,8,252,,,|M||||,,,,,Bug\",\"rating\":0}\n>player p2 {\"name\":\"staygexxed\",\"avatar\":\"169\",\"team\":\"Beheeyem||Beheeyemite|Synchronize|Synchronoise,Barrier,CalmMind,Recover|Modest|248,,8,252,,|F|,0,,,,|||,,,,,Psychic]Iron Spore||LightClay|QuarkDrive|VoltSwitch,StrengthSap,LightScreen,Reflect|Timid|248,,76,,,184|M|,0,,,,|||,,,,,Grass]Gardevoir-Hell||ChoiceSpecs|MagicGuard|LightofRuin,Moonblast,EarthPower,MysticalFire|Modest|248,,,252,8,|M|,0,,,,|||,,,,,Fairy]Probenose||ChopleBerry|Levitate|StealthRock,HiddenPowerIce,VoltSwitch,Recover|Bold|248,,252,,8,|F|,0,,,,|||,Ice,,,,Electric]Savage Scythe||BoosterEnergy|Protosynthesis|LeechLife,Crabhammer,IronTail,SwordsDance|Jolly|44,212,,,,252|F||||,,,,,Bug]Ho-Ho||HeavyDutyBoots|Regenerator|SacredFire,BraveBird,Toxic,Roost|Bold|248,,252,,8,|M||||,,,,,Water\",\"rating\":0}\n>chat ☆Mooses Gangooses|Have luck, good fun \n>p1 team 4, 2, 3, 1, 5, 6\n>p2 team 5, 2, 3, 4, 1, 6\n>p1 switch 2\n>p2 move swordsdance\n>p1 move dracometeor mega\n>p2 move leechlife\n>p2 switch 5\n>p1 move recover\n>p2 move barrier mega\n>p1 move flipturn\n>p2 move barrier\n>p1 switch 6\n>p1 move uturn\n>p2 move calmmind\n>p1 switch 6\n>p1 move surf\n>p2 move calmmind\n>p1 move surf\n>p2 move recover\n>p1 move surf\n>p2 move calmmind\n>p1 move surf\n>p2 move recover\n>p1 move surf\n>p2 move calmmind\n>p1 move surf\n>p2 move recover\n>p1 move surf\n>p2 move calmmind\n>p1 move surf\n>p2 move recover\n>p1 move flipturn\n>p2 move barrier\n>p1 switch 5\n>p1 move wish\n>p2 move synchronoise\n>p1 switch 3\n>p1 move boomburst terastallize\n>p2 move synchronoise\n>p1 switch 2\n>p1 move highjumpkick\n>p2 move synchronoise\n>p1 switch 5\n>p1 move dracometeor\n>p2 move recover\n>p1 move dracometeor\n>p2 move synchronoise\n>p1 switch 4\n>p1 move icespinner\n>p2 move synchronoise\n>p1 switch 6\n>p1 move uturn\n>p2 move synchronoise","uploadtime":1763851810}