{"id":"gen9natdexdraft-44","log":"|j|☆Swagboi21_W\n|j|☆frogadierducklett\n|t:|1759433474\n|gametype|singles\n|player|p1|Swagboi21_W|266|\n|player|p2|frogadierducklett|102|\n|gen|9\n|tier|[Gen 9] NatDex Draft\n|rule|Tera Type Preview: Tera Types are shown at Team Preview\n|rule|Sleep Clause Mod: Limit one foe put to sleep\n|rule|OHKO Clause: OHKO moves are banned\n|rule|Evasion Clause: Evasion abilities, items, and moves are banned\n|rule|Evasion Abilities Clause: Evasion abilities are banned\n|rule|Evasion Items Clause: Evasion items are banned\n|rule|Evasion Moves Clause: Evasion moves are banned\n|rule|Endless Battle Clause: Forcing endless battles is banned\n|rule|HP Percentage Mod: HP is shown in percentages\n|raw|<div class=\"infobox\"><details class=\"readmore\" open><summary><strong>1 custom rule:</strong></summary> Tera Type Preview</details></div>\n|clearpoke\n|poke|p1|Breloom-Prime, M|\n|poke|p1|Blastoise-Prime, F|\n|poke|p1|Blacephalon|\n|poke|p1|Iron Crown|\n|poke|p1|Tapu Koko|\n|poke|p1|Absol, M|\n|poke|p2|Swampert-Prime, F|\n|poke|p2|Charizard-Prime, M|\n|poke|p2|Deoxys-Speed|\n|poke|p2|Iron Treads|\n|poke|p2|Kommo-o, M|\n|poke|p2|Hydrapple, F|\n|raw|Swagboi21_W's Tera Types:<br /><psicon pokemon=\"breloomprime\" /><psicon type=\"Grass\" /> / <psicon pokemon=\"blastoiseprime\" /><psicon type=\"Water\" /> / <psicon pokemon=\"blacephalon\" /><psicon type=\"Grass\" /> / <psicon pokemon=\"ironcrown\" /><psicon type=\"Fighting\" /> / <psicon pokemon=\"tapukoko\" /><psicon type=\"Electric\" /> / <psicon pokemon=\"absol\" /><psicon type=\"Dark\" />\n|raw|frogadierducklett's Tera Types:<br /><psicon pokemon=\"swampertprime\" /><psicon type=\"Water\" /> / <psicon pokemon=\"charizardprime\" /><psicon type=\"Fire\" /> / <psicon pokemon=\"deoxysspeed\" /><psicon type=\"Psychic\" /> / <psicon pokemon=\"irontreads\" /><psicon type=\"Ground\" /> / <psicon pokemon=\"kommoo\" /><psicon type=\"Water\" /> / <psicon pokemon=\"hydrapple\" /><psicon type=\"Grass\" />\n|teampreview\n|j|~SparksTheNeo\n|c|☆frogadierducklett|Glhf!\n|c|☆Swagboi21_W|glhf\n|l|~SparksTheNeo\n|j| liviifailure\n|\n|t:|1759433541\n|teamsize|p1|6\n|teamsize|p2|6\n|start\n|switch|p1a: Blacephalon|Blacephalon|100/100\n|switch|p2a: Iron Treads|Iron Treads|100/100\n|turn|1\n|j| Arkvis\n|\n|t:|1759433556\n|move|p1a: Blacephalon|Calm Mind|p1a: Blacephalon\n|-boost|p1a: Blacephalon|spa|1\n|-boost|p1a: Blacephalon|spd|1\n|move|p2a: Iron Treads|Stealth Rock|p1a: Blacephalon\n|-sidestart|p1: Swagboi21_W|move: Stealth Rock\n|\n|upkeep\n|turn|2\n|\n|t:|1759433561\n|move|p1a: Blacephalon|Flamethrower|p2a: Iron Treads\n|-supereffective|p2a: Iron Treads\n|-enditem|p2a: Iron Treads|Occa Berry|[eat]\n|-enditem|p2a: Iron Treads|Occa Berry|[weaken]\n|-damage|p2a: Iron Treads|49/100\n|move|p2a: Iron Treads|Earthquake|p1a: Blacephalon\n|-supereffective|p1a: Blacephalon\n|-enditem|p1a: Blacephalon|Focus Sash\n|-damage|p1a: Blacephalon|1/100\n|\n|upkeep\n|turn|3\n|\n|t:|1759433599\n|-end|p2a: Iron Treads|Quark Drive|[silent]\n|switch|p2a: Swampert-Prime|Swampert-Prime, F|100/100\n|move|p1a: Blacephalon|Shadow Ball|p2a: Swampert-Prime\n|-damage|p2a: Swampert-Prime|72/100\n|\n|upkeep\n|turn|4\n|l| Arkvis\n|\n|t:|1759433609\n|switch|p1a: Blastoise-Prime|Blastoise-Prime, F|100/100\n|-damage|p1a: Blastoise-Prime|88/100|[from] Stealth Rock\n|-ability|p1a: Blastoise-Prime|Dauntless Shield|boost\n|-boost|p1a: Blastoise-Prime|def|1\n|switch|p2a: Kommo-o|Kommo-o, M|100/100\n|\n|-heal|p1a: Blastoise-Prime|94/100|[from] item: Leftovers\n|upkeep\n|turn|5\n|\n|t:|1759433621\n|move|p2a: Kommo-o|Dragon Dance|p2a: Kommo-o\n|-boost|p2a: Kommo-o|atk|1\n|-boost|p2a: Kommo-o|spe|1\n|move|p1a: Blastoise-Prime|Rapid Spin|p2a: Kommo-o\n|-damage|p2a: Kommo-o|90/100\n|-boost|p1a: Blastoise-Prime|spe|1\n|-sideend|p1: Swagboi21_W|Stealth Rock|[from] move: Rapid Spin|[of] p1a: Blastoise-Prime\n|-enditem|p2a: Kommo-o|Mirror Herb\n|-boost|p2a: Kommo-o|spe|1|[from] item: Mirror Herb\n|\n|-heal|p1a: Blastoise-Prime|100/100|[from] item: Leftovers\n|upkeep\n|turn|6\n|\n|t:|1759433632\n|move|p2a: Kommo-o|Thunder Punch|p1a: Blastoise-Prime\n|-supereffective|p1a: Blastoise-Prime\n|-damage|p1a: Blastoise-Prime|69/100\n|move|p1a: Blastoise-Prime|Freeze-Dry|p2a: Kommo-o\n|-supereffective|p2a: Kommo-o\n|-damage|p2a: Kommo-o|37/100\n|\n|-heal|p1a: Blastoise-Prime|75/100|[from] item: Leftovers\n|upkeep\n|turn|7\n|\n|t:|1759433645\n|move|p2a: Kommo-o|Thunder Punch|p1a: Blastoise-Prime\n|-supereffective|p1a: Blastoise-Prime\n|-damage|p1a: Blastoise-Prime|39/100\n|move|p1a: Blastoise-Prime|Freeze-Dry|p2a: Kommo-o\n|-supereffective|p2a: Kommo-o\n|-damage|p2a: Kommo-o|0 fnt\n|faint|p2a: Kommo-o\n|\n|-heal|p1a: Blastoise-Prime|45/100|[from] item: Leftovers\n|upkeep\n|\n|t:|1759433662\n|switch|p2a: Deoxys|Deoxys-Speed|100/100\n|-ability|p2a: Deoxys|Pressure\n|turn|8\n|\n|t:|1759433668\n|move|p2a: Deoxys|Psychic Noise|p1a: Blastoise-Prime\n|-damage|p1a: Blastoise-Prime|26/100\n|-start|p1a: Blastoise-Prime|move: Heal Block\n|cant|p1a: Blastoise-Prime|move: Heal Block|Shore Up\n|\n|upkeep\n|turn|9\n|c|☆Swagboi21_W|dang\n|\n|t:|1759433677\n|move|p2a: Deoxys|Psychic Noise|p1a: Blastoise-Prime\n|-damage|p1a: Blastoise-Prime|7/100\n|move|p1a: Blastoise-Prime|Scald|p2a: Deoxys\n|-crit|p2a: Deoxys\n|-damage|p2a: Deoxys|29/100\n|\n|-end|p1a: Blastoise-Prime|move: Heal Block\n|upkeep\n|turn|10\n|\n|t:|1759433689\n|move|p2a: Deoxys|Psychic Noise|p1a: Blastoise-Prime\n|-damage|p1a: Blastoise-Prime|0 fnt\n|faint|p1a: Blastoise-Prime\n|\n|upkeep\n|\n|t:|1759433695\n|switch|p1a: Breloom-Prime|Breloom-Prime, M|100/100\n|turn|11\n|\n|t:|1759433699\n|move|p1a: Breloom-Prime|Accelerock|p2a: Deoxys\n|-damage|p2a: Deoxys|6/100\n|move|p2a: Deoxys|Psychic Noise|p1a: Breloom-Prime\n|-supereffective|p1a: Breloom-Prime\n|-damage|p1a: Breloom-Prime|32/100\n|-start|p1a: Breloom-Prime|move: Heal Block\n|\n|upkeep\n|turn|12\n|c|☆Swagboi21_W|erm aquard\n|\n|t:|1759433722\n|switch|p2a: Iron Treads|Iron Treads|49/100\n|move|p1a: Breloom-Prime|Trailblaze|p2a: Iron Treads\n|-damage|p2a: Iron Treads|17/100\n|-boost|p1a: Breloom-Prime|spe|1\n|\n|-end|p1a: Breloom-Prime|move: Heal Block\n|upkeep\n|turn|13\n|\n|t:|1759433732\n|move|p1a: Breloom-Prime|Trailblaze|p2a: Iron Treads\n|-damage|p2a: Iron Treads|0 fnt\n|-boost|p1a: Breloom-Prime|spe|1\n|faint|p2a: Iron Treads\n|-end|p2a: Iron Treads|Quark Drive|[silent]\n|\n|upkeep\n|\n|t:|1759433736\n|switch|p2a: Hydrapple|Hydrapple, F|100/100\n|turn|14\n|j|~SparksTheNeo\n|\n|t:|1759433752\n|switch|p1a: Blacephalon|Blacephalon|1/100\n|-terastallize|p2a: Hydrapple|Grass\n|move|p2a: Hydrapple|Leaf Storm|p1a: Blacephalon\n|-resisted|p1a: Blacephalon\n|-damage|p1a: Blacephalon|0 fnt\n|-unboost|p2a: Hydrapple|spa|2\n|faint|p1a: Blacephalon\n|-enditem|p2a: Hydrapple|Eject Pack\n|\n|t:|1759433762\n|switch|p2a: Charizard-Prime|Charizard-Prime, M|100/100\n|\n|upkeep\n|\n|t:|1759433790\n|switch|p1a: Tapu Koko|Tapu Koko|100/100\n|-fieldstart|move: Electric Terrain|[from] ability: Electric Surge|[of] p1a: Tapu Koko\n|turn|15\n|\n|t:|1759433804\n|switch|p2a: Swampert-Prime|Swampert-Prime, F|100/100\n|move|p1a: Tapu Koko|Volt Switch|p2a: Swampert-Prime\n|-immune|p2a: Swampert-Prime\n|\n|upkeep\n|turn|16\n|\n|t:|1759433812\n|move|p1a: Tapu Koko|Grass Knot|p2a: Swampert-Prime\n|-supereffective|p2a: Swampert-Prime\n|-damage|p2a: Swampert-Prime|57/100\n|move|p2a: Swampert-Prime|Precipice Blades|p1a: Tapu Koko\n|-supereffective|p1a: Tapu Koko\n|-crit|p1a: Tapu Koko\n|-damage|p1a: Tapu Koko|0 fnt\n|faint|p1a: Tapu Koko\n|\n|upkeep\n|c|☆Swagboi21_W|the calc lied\n|\n|t:|1759433827\n|switch|p1a: Breloom-Prime|Breloom-Prime, M|32/100\n|turn|17\n|\n|t:|1759433834\n|switch|p2a: Hydrapple|Hydrapple, F, tera:Grass|100/100\n|move|p1a: Breloom-Prime|Trailblaze|p2a: Hydrapple\n|-resisted|p2a: Hydrapple\n|-damage|p2a: Hydrapple|86/100\n|-boost|p1a: Breloom-Prime|spe|1\n|\n|upkeep\n|turn|18\n|\n|t:|1759433843\n|move|p1a: Breloom-Prime|Storm Throw|p2a: Hydrapple\n|-crit|p2a: Hydrapple\n|-damage|p2a: Hydrapple|33/100\n|move|p2a: Hydrapple|Leaf Storm|p1a: Breloom-Prime\n|-resisted|p1a: Breloom-Prime\n|-damage|p1a: Breloom-Prime|0 fnt\n|-unboost|p2a: Hydrapple|spa|2\n|faint|p1a: Breloom-Prime\n|\n|upkeep\n|\n|t:|1759433869\n|switch|p1a: Absol|Absol, M|100/100\n|-ability|p1a: Absol|Pressure\n|turn|19\n|\n|t:|1759433884\n|switch|p2a: Deoxys|Deoxys-Speed|6/100\n|-ability|p2a: Deoxys|Pressure\n|detailschange|p1a: Absol|Absol-Mega, M\n|-mega|p1a: Absol|Absol|Absolite\n|move|p1a: Absol|Knock Off|p2a: Deoxys\n|-supereffective|p2a: Deoxys\n|-damage|p2a: Deoxys|0 fnt\n|-enditem|p2a: Deoxys|Safety Goggles|[from] move: Knock Off|[of] p1a: Absol\n|faint|p2a: Deoxys\n|\n|-fieldend|move: Electric Terrain\n|upkeep\n|\n|t:|1759433908\n|switch|p2a: Hydrapple|Hydrapple, F, tera:Grass|66/100\n|turn|20\n|\n|t:|1759433927\n|move|p1a: Absol|Zen Headbutt|p2a: Hydrapple\n|-damage|p2a: Hydrapple|46/100\n|move|p2a: Hydrapple|Leaf Storm|p1a: Absol\n|-damage|p1a: Absol|0 fnt\n|-unboost|p2a: Hydrapple|spa|2\n|faint|p1a: Absol\n|detailschange|p1: Absol|Absol, M|[silent]\n|\n|upkeep\n|\n|t:|1759433934\n|switch|p1a: Iron Crown|Iron Crown|100/100\n|-enditem|p1a: Iron Crown|Booster Energy\n|-activate|p1a: Iron Crown|ability: Quark Drive|[fromitem]\n|-start|p1a: Iron Crown|quarkdrivespe\n|turn|21\n|\n|t:|1759433943\n|switch|p2a: Charizard-Prime|Charizard-Prime, M|100/100\n|move|p1a: Iron Crown|Calm Mind|p1a: Iron Crown\n|-boost|p1a: Iron Crown|spa|1\n|-boost|p1a: Iron Crown|spd|1\n|\n|upkeep\n|turn|22\n|\n|t:|1759433974\n|-terastallize|p1a: Iron Crown|Fighting\n|move|p1a: Iron Crown|Calm Mind|p1a: Iron Crown\n|-boost|p1a: Iron Crown|spa|1\n|-boost|p1a: Iron Crown|spd|1\n|move|p2a: Charizard-Prime|Bitter Blade|p1a: Iron Crown\n|-damage|p1a: Iron Crown|63/100\n|\n|upkeep\n|turn|23\n|\n|t:|1759433983\n|move|p1a: Iron Crown|Psychic|p2a: Charizard-Prime\n|-damage|p2a: Charizard-Prime|11/100\n|move|p2a: Charizard-Prime|Dual Wingbeat|p1a: Iron Crown\n|-supereffective|p1a: Iron Crown\n|-damage|p1a: Iron Crown|29/100\n|-supereffective|p1a: Iron Crown\n|-damage|p1a: Iron Crown|0 fnt\n|faint|p1a: Iron Crown\n|-end|p1a: Iron Crown|Quark Drive|[silent]\n|-hitcount|p1: Iron Crown|2\n|\n|win|frogadierducklett\n|c|☆Swagboi21_W|gg\n|c|☆frogadierducklett|Ggs\n|l| liviifailure\n|l|☆Swagboi21_W\n|player|p1|\n|l|~SparksTheNeo\n","players":["Swagboi21_W","frogadierducklett"],"format":"[Gen 9] NatDex Draft","rating":null,"private":0,"password":null,"inputlog":">version 2521d38b27f80d1c68b15942009d55f3b2bb8613\n>start {\"formatid\":\"gen9natdexdraft@@@Tera Type Preview\",\"seed\":\"sodium,a7d34ec36581a4e5e453a2dbe7cd67e9\"}\n>player p1 {\"name\":\"Swagboi21_W\",\"avatar\":\"266\",\"team\":\"Breloom-Prime||LoadedDice|Technician|Accelerock,BulletSeed,StormThrow,Trailblaze|Jolly|,252,,,4,252|M||||,,,,,Grass]Blastoise-Prime||Leftovers|DauntlessShield|RapidSpin,ShoreUp,FreezeDry,Scald|Modest|252,,,252,4,|F||||,,,,,Water]Blacephalon||FocusSash|BeastBoost|CalmMind,Flamethrower,ShadowBall,MindBlown|Timid|232,,,20,4,252|N|,0,,,,|||,,,,,Grass]Iron Crown||BoosterEnergy|QuarkDrive|CalmMind,TachyonCutter,Psychic,TeraBlast|Timid|,,84,172,,252|N||||,Fighting,,,,Fighting]Tapu Koko||AssaultVest|ElectricSurge|Thunderbolt,DazzlingGleam,VoltSwitch,GrassKnot|Timid|,,,252,4,252|N|,0,,,,|||,,,,,Electric]Absol||Absolite|Pressure|KnockOff,CloseCombat,ZenHeadbutt,SwordsDance|Jolly|,252,,,4,252|M||||,,,,,Dark\",\"rating\":0}\n>player p2 {\"name\":\"frogadierducklett\",\"avatar\":\"102\",\"team\":\"Swampert-Prime||AssaultVest|Regenerator|FlipTurn,PrecipiceBlades,KnockOff,StoneEdge|Careful|208,48,,,252,|F||||,,,,,Water]Charizard-Prime||ChartiBerry|BeastBoost|DualWingbeat,BitterBlade,SwordsDance,QuickAttack|Jolly|,252,4,,,252|M||||,,,,,Fire]Deoxys|DeoxysSpeed|SafetyGoggles|Pressure|PsychicNoise,Spikes,Recover,FocusBlast|Bold|252,,204,52,,|N|,0,,,,|||,,,,,Psychic]Iron Treads||OccaBerry|QuarkDrive|RapidSpin,VoltSwitch,StealthRock,Earthquake|Careful|188,68,,,252,|N||||,,,,,Ground]Kommo-o||MirrorHerb|Bulletproof|ThunderPunch,DragonDance,ScaleShot,Earthquake|Jolly|,252,,,4,252|M||||,,,,,Water]Hydrapple||EjectPack|Regenerator|LeafStorm,DracoMeteor,EarthPower,NastyPlot|Modest|248,,156,104,,|F|,0,,,,|||,,,,,Grass\",\"rating\":0}\n>chat ☆frogadierducklett|Glhf!\n>chat ☆Swagboi21_W|glhf\n>p1 team 3, 2, 1, 4, 5, 6\n>p2 team 4, 2, 3, 1, 5, 6\n>p1 move calmmind\n>p2 move stealthrock\n>p1 move flamethrower\n>p2 move earthquake\n>p1 move shadowball\n>p2 switch 4\n>p1 switch 2\n>p2 switch 5\n>p1 move rapidspin\n>p2 move dragondance\n>p1 move freezedry\n>p2 move thunderpunch\n>p1 move freezedry\n>p2 move thunderpunch\n>p2 switch 3\n>p1 move shoreup\n>p2 move psychicnoise\n>chat ☆Swagboi21_W|dang\n>p1 move scald\n>p2 move psychicnoise\n>p1 move scald\n>p2 move psychicnoise\n>p1 switch 3\n>p1 move accelerock\n>p2 move psychicnoise\n>chat ☆Swagboi21_W|erm aquard\n>p1 move trailblaze\n>p2 switch 4\n>p1 move trailblaze\n>p2 move stealthrock\n>p2 switch 6\n>p1 switch 2\n>p2 move leafstorm terastallize\n>p2 switch 2\n>p1 switch 5\n>p1 move voltswitch\n>p2 switch 5\n>p1 move grassknot\n>p2 move precipiceblades\n>chat ☆Swagboi21_W|the calc lied\n>p1 switch 2\n>p1 move trailblaze\n>p2 switch 2\n>p1 move stormthrow\n>p2 move leafstorm\n>p1 switch 6\n>p1 move knockoff mega\n>p2 switch 4\n>p2 switch 4\n>p1 move zenheadbutt\n>p2 move leafstorm\n>p1 switch 4\n>p1 move calmmind\n>p2 switch 5\n>p1 move calmmind terastallize\n>p2 move bitterblade\n>p1 move psychic\n>p2 move dualwingbeat","uploadtime":1759434097}