{"id":"gen9natdexdraft-527","log":"|j|☆drew0723\n|j|☆FrogadierDucklett\n|t:|1764026961\n|gametype|singles\n|player|p1|drew0723|102|\n|player|p2|FrogadierDucklett|169|\n|gen|9\n|tier|[Gen 9] NatDex Draft\n|rule|Tera Type Preview: Tera Types are shown at Team Preview\n|rule|Sleep Clause Mod: Limit one foe put to sleep\n|rule|OHKO Clause: OHKO moves are banned\n|rule|Evasion Clause: Evasion abilities, items, and moves are banned\n|rule|Evasion Abilities Clause: Evasion abilities are banned\n|rule|Evasion Items Clause: Evasion items are banned\n|rule|Evasion Moves Clause: Evasion moves are banned\n|rule|Endless Battle Clause: Forcing endless battles is banned\n|rule|HP Percentage Mod: HP is shown in percentages\n|raw|<div class=\"infobox\"><details class=\"readmore\" open><summary><strong>1 custom rule:</strong></summary> Tera Type Preview</details></div>\n|clearpoke\n|poke|p1|Scream Tail-Prime|\n|poke|p1|Tornadus-Therian, M|\n|poke|p1|Great Tusk|\n|poke|p1|Iron Moth|\n|poke|p1|Alomomola, M|\n|poke|p1|Arboliva, F|\n|poke|p2|Kommo-o, M|\n|poke|p2|Swampert-Prime, F|\n|poke|p2|Charizard-Prime, F|\n|poke|p2|Drifblim, M|\n|poke|p2|Deoxys-Speed|\n|poke|p2|Iron Treads|\n|raw|drew0723's Tera Types:<br /><psicon pokemon=\"screamtailprime\" /><psicon type=\"Fairy\" /> / <psicon pokemon=\"tornadustherian\" /><psicon type=\"Steel\" /> / <psicon pokemon=\"greattusk\" /><psicon type=\"Ground\" /> / <psicon pokemon=\"ironmoth\" /><psicon type=\"Fire\" /> / <psicon pokemon=\"alomomola\" /><psicon type=\"Water\" /> / <psicon pokemon=\"arboliva\" /><psicon type=\"Water\" />\n|raw|FrogadierDucklett's Tera Types:<br /><psicon pokemon=\"kommoo\" /><psicon type=\"Steel\" /> / <psicon pokemon=\"swampertprime\" /><psicon type=\"Water\" /> / <psicon pokemon=\"charizardprime\" /><psicon type=\"Fire\" /> / <psicon pokemon=\"drifblim\" /><psicon type=\"Ghost\" /> / <psicon pokemon=\"deoxysspeed\" /><psicon type=\"Psychic\" /> / <psicon pokemon=\"irontreads\" /><psicon type=\"Ground\" />\n|teampreview\n|c|☆FrogadierDucklett|glhf!\n|c|☆drew0723|Good Luck, Have Fun!\n|\n|t:|1764027000\n|teamsize|p1|6\n|teamsize|p2|6\n|start\n|switch|p1a: Iron Moth|Iron Moth|100/100\n|switch|p2a: Swampert-Prime|Swampert-Prime, F|100/100\n|turn|1\n|\n|t:|1764027008\n|-end|p1a: Iron Moth|Quark Drive|[silent]\n|switch|p1a: Alomomola|Alomomola, M|100/100\n|move|p2a: Swampert-Prime|Earthquake|p1a: Alomomola\n|-damage|p1a: Alomomola|76/100\n|\n|upkeep\n|turn|2\n|\n|t:|1764027017\n|move|p2a: Swampert-Prime|Toxic|p1a: Alomomola\n|-status|p1a: Alomomola|tox\n|move|p1a: Alomomola|Flip Turn|p2a: Swampert-Prime\n|-damage|p2a: Swampert-Prime|88/100\n|j|~SparksTheNeo\n|\n|t:|1764027040\n|switch|p1a: Arboliva|Arboliva, F|100/100|[from] Flip Turn\n|\n|upkeep\n|turn|3\n|\n|t:|1764027072\n|-terastallize|p1a: Arboliva|Water\n|move|p2a: Swampert-Prime|Flip Turn|p1a: Arboliva\n|-resisted|p1a: Arboliva\n|-damage|p1a: Arboliva|88/100\n|-fieldstart|move: Grassy Terrain|[from] ability: Seed Sower|[of] p1a: Arboliva\n|\n|t:|1764027108\n|switch|p2a: Iron Treads|Iron Treads|100/100|[from] Flip Turn\n|move|p1a: Arboliva|Leech Seed|p2a: Iron Treads\n|-start|p2a: Iron Treads|move: Leech Seed\n|\n|-heal|p1a: Arboliva|94/100|[from] Grassy Terrain\n|-heal|p1a: Arboliva|99/100|[from] item: Leftovers\n|-damage|p2a: Iron Treads|88/100|[from] Leech Seed|[of] p1a: Arboliva\n|-heal|p1a: Arboliva|100/100|[silent]\n|upkeep\n|turn|4\n|\n|t:|1764027114\n|move|p2a: Iron Treads|Volt Switch|p1a: Arboliva\n|-supereffective|p1a: Arboliva\n|-damage|p1a: Arboliva|85/100\n|\n|t:|1764027118\n|-end|p2a: Iron Treads|Quark Drive|[silent]\n|switch|p2a: Drifblim|Drifblim, M|100/100|[from] Volt Switch\n|move|p1a: Arboliva|Giga Drain|p2a: Drifblim\n|-resisted|p2a: Drifblim\n|-damage|p2a: Drifblim|80/100\n|-heal|p1a: Arboliva|99/100|[from] drain|[of] p2a: Drifblim\n|\n|-heal|p1a: Arboliva|100/100|[from] Grassy Terrain\n|upkeep\n|turn|5\n|\n|t:|1764027122\n|move|p2a: Drifblim|Toxic|p1a: Arboliva\n|-status|p1a: Arboliva|tox\n|move|p1a: Arboliva|Encore|p2a: Drifblim\n|-start|p2a: Drifblim|Encore\n|\n|-damage|p1a: Arboliva|94/100 tox|[from] psn\n|upkeep\n|turn|6\n|\n|t:|1764027131\n|switch|p2a: Iron Treads|Iron Treads|88/100\n|switch|p1a: Iron Moth|Iron Moth|100/100\n|\n|-heal|p2a: Iron Treads|94/100|[from] Grassy Terrain\n|upkeep\n|turn|7\n|\n|t:|1764027140\n|move|p1a: Iron Moth|Fiery Dance|p2a: Iron Treads\n|-supereffective|p2a: Iron Treads\n|-damage|p2a: Iron Treads|27/100\n|-boost|p1a: Iron Moth|spa|1\n|move|p2a: Iron Treads|Earthquake|p1a: Iron Moth\n|-supereffective|p1a: Iron Moth\n|-damage|p1a: Iron Moth|0 fnt\n|faint|p1a: Iron Moth\n|-end|p1a: Iron Moth|Quark Drive|[silent]\n|\n|-heal|p2a: Iron Treads|33/100|[from] Grassy Terrain\n|-fieldend|move: Grassy Terrain\n|upkeep\n|\n|t:|1764027160\n|switch|p1a: Alomomola|Alomomola, M|100/100 tox\n|turn|8\n|\n|t:|1764027163\n|move|p2a: Iron Treads|Volt Switch|p1a: Alomomola\n|-supereffective|p1a: Alomomola\n|-damage|p1a: Alomomola|76/100 tox\n|\n|t:|1764027175\n|-end|p2a: Iron Treads|Quark Drive|[silent]\n|switch|p2a: Drifblim|Drifblim, M|80/100|[from] Volt Switch\n|move|p1a: Alomomola|Flip Turn|p2a: Drifblim\n|-damage|p2a: Drifblim|67/100\n|-damage|p1a: Alomomola|60/100 tox|[from] item: Rocky Helmet|[of] p2a: Drifblim\n|\n|t:|1764027196\n|switch|p1a: Scream Tail-Prime|Scream Tail-Prime|100/100|[from] Flip Turn\n|\n|upkeep\n|turn|9\n|\n|t:|1764027200\n|move|p1a: Scream Tail-Prime|Calm Mind|p1a: Scream Tail-Prime\n|-boost|p1a: Scream Tail-Prime|spa|1\n|-boost|p1a: Scream Tail-Prime|spd|1\n|move|p2a: Drifblim|Toxic|p1a: Scream Tail-Prime\n|-status|p1a: Scream Tail-Prime|tox\n|\n|-damage|p1a: Scream Tail-Prime|94/100 tox|[from] psn\n|upkeep\n|turn|10\n|\n|t:|1764027214\n|switch|p2a: Deoxys|Deoxys-Speed|100/100\n|-ability|p2a: Deoxys|Pressure\n|move|p1a: Scream Tail-Prime|Sparkly Swirl|p2a: Deoxys\n|-damage|p2a: Deoxys|19/100\n|-activate|p1a: Scream Tail-Prime|move: Aromatherapy\n|-curestatus|p1a: Scream Tail-Prime|tox|[msg]\n|-curestatus|p1: Alomomola|tox|[msg]\n|-curestatus|p1: Arboliva|tox|[msg]\n|\n|-heal|p1a: Scream Tail-Prime|100/100|[from] item: Leftovers\n|upkeep\n|turn|11\n|\n|t:|1764027236\n|move|p2a: Deoxys|Trick|p1a: Scream Tail-Prime\n|-activate|p2a: Deoxys|move: Trick|[of] p1a: Scream Tail-Prime\n|-item|p1a: Scream Tail-Prime|Choice Specs|[from] move: Trick\n|-item|p2a: Deoxys|Leftovers|[from] move: Trick\n|move|p1a: Scream Tail-Prime|Flamethrower|p2a: Deoxys\n|-damage|p2a: Deoxys|0 fnt\n|faint|p2a: Deoxys\n|\n|upkeep\n|\n|t:|1764027268\n|switch|p2a: Swampert-Prime|Swampert-Prime, F|100/100\n|turn|12\n|\n|t:|1764027275\n|switch|p1a: Alomomola|Alomomola, M|93/100\n|move|p2a: Swampert-Prime|Stealth Rock|p1a: Alomomola\n|-sidestart|p1: drew0723|move: Stealth Rock\n|\n|upkeep\n|turn|13\n|\n|t:|1764027286\n|move|p2a: Swampert-Prime|Toxic|p1a: Alomomola|[miss]\n|-miss|p2a: Swampert-Prime|p1a: Alomomola\n|move|p1a: Alomomola|Scald|p2a: Swampert-Prime\n|-damage|p2a: Swampert-Prime|94/100\n|-status|p2a: Swampert-Prime|brn\n|\n|-damage|p2a: Swampert-Prime|88/100 brn|[from] brn\n|upkeep\n|turn|14\n|\n|t:|1764027307\n|move|p2a: Swampert-Prime|Toxic|p1a: Alomomola\n|-status|p1a: Alomomola|tox\n|move|p1a: Alomomola|Flip Turn|p2a: Swampert-Prime\n|-damage|p2a: Swampert-Prime|75/100 brn\n|\n|t:|1764027316\n|switch|p1a: Scream Tail-Prime|Scream Tail-Prime|100/100|[from] Flip Turn\n|-damage|p1a: Scream Tail-Prime|88/100|[from] Stealth Rock\n|\n|-damage|p2a: Swampert-Prime|69/100 brn|[from] brn\n|upkeep\n|turn|15\n|\n|t:|1764027320\n|move|p1a: Scream Tail-Prime|Sparkly Swirl|p2a: Swampert-Prime|[miss]\n|-miss|p1a: Scream Tail-Prime|p2a: Swampert-Prime\n|move|p2a: Swampert-Prime|Flip Turn|p1a: Scream Tail-Prime\n|-damage|p1a: Scream Tail-Prime|78/100\n|\n|t:|1764027336\n|switch|p2a: Charizard-Prime|Charizard-Prime, F|100/100|[from] Flip Turn\n|\n|upkeep\n|turn|16\n|\n|t:|1764027340\n|switch|p1a: Arboliva|Arboliva, F, tera:Water|94/100\n|-damage|p1a: Arboliva|82/100|[from] Stealth Rock\n|move|p2a: Charizard-Prime|Substitute|p2a: Charizard-Prime\n|-start|p2a: Charizard-Prime|Substitute\n|-damage|p2a: Charizard-Prime|75/100\n|\n|-heal|p1a: Arboliva|88/100|[from] item: Leftovers\n|upkeep\n|turn|17\n|\n|t:|1764027345\n|move|p2a: Charizard-Prime|Bitter Blade|p1a: Arboliva\n|-resisted|p1a: Arboliva\n|-damage|p1a: Arboliva|64/100\n|-heal|p2a: Charizard-Prime|88/100|[from] drain|[of] p1a: Arboliva\n|-fieldstart|move: Grassy Terrain|[from] ability: Seed Sower|[of] p1a: Arboliva\n|move|p1a: Arboliva|Alluring Voice|p2a: Charizard-Prime\n|-resisted|p2a: Charizard-Prime\n|-damage|p2a: Charizard-Prime|78/100\n|\n|-heal|p1a: Arboliva|70/100|[from] Grassy Terrain\n|-heal|p1a: Arboliva|76/100|[from] item: Leftovers\n|upkeep\n|turn|18\n|\n|t:|1764027360\n|move|p2a: Charizard-Prime|Bitter Blade|p1a: Arboliva\n|-resisted|p1a: Arboliva\n|-damage|p1a: Arboliva|52/100\n|-heal|p2a: Charizard-Prime|90/100|[from] drain|[of] p1a: Arboliva\n|move|p1a: Arboliva|Encore|p2a: Charizard-Prime\n|-start|p2a: Charizard-Prime|Encore\n|\n|-heal|p1a: Arboliva|58/100|[from] Grassy Terrain\n|-heal|p1a: Arboliva|65/100|[from] item: Leftovers\n|upkeep\n|turn|19\n|\n|t:|1764027367\n|switch|p1a: Alomomola|Alomomola, M|100/100 tox\n|-damage|p1a: Alomomola|88/100 tox|[from] Stealth Rock\n|move|p2a: Charizard-Prime|Bitter Blade|p1a: Alomomola\n|-resisted|p1a: Alomomola\n|-damage|p1a: Alomomola|75/100 tox\n|-heal|p2a: Charizard-Prime|100/100|[from] drain|[of] p1a: Alomomola\n|-damage|p2a: Charizard-Prime|84/100|[from] item: Rocky Helmet|[of] p1a: Alomomola\n|\n|-heal|p1a: Alomomola|82/100 tox|[from] Grassy Terrain\n|-damage|p1a: Alomomola|75/100 tox|[from] psn\n|upkeep\n|turn|20\n|\n|t:|1764027373\n|move|p2a: Charizard-Prime|Bitter Blade|p1a: Alomomola\n|-resisted|p1a: Alomomola\n|-damage|p1a: Alomomola|64/100 tox\n|-heal|p2a: Charizard-Prime|93/100|[from] drain|[of] p1a: Alomomola\n|-damage|p2a: Charizard-Prime|77/100|[from] item: Rocky Helmet|[of] p1a: Alomomola\n|move|p1a: Alomomola|Flip Turn|p2a: Charizard-Prime\n|-supereffective|p2a: Charizard-Prime\n|-end|p2a: Charizard-Prime|Substitute\n|\n|t:|1764027382\n|switch|p1a: Arboliva|Arboliva, F, tera:Water|65/100|[from] Flip Turn\n|-damage|p1a: Arboliva|52/100|[from] Stealth Rock\n|\n|-heal|p1a: Arboliva|58/100|[from] Grassy Terrain\n|-heal|p1a: Arboliva|65/100|[from] item: Leftovers\n|upkeep\n|turn|21\n|\n|t:|1764027402\n|move|p2a: Charizard-Prime|Bitter Blade|p1a: Arboliva\n|-resisted|p1a: Arboliva\n|-damage|p1a: Arboliva|42/100\n|-heal|p2a: Charizard-Prime|89/100|[from] drain|[of] p1a: Arboliva\n|move|p1a: Arboliva|Leech Seed|p2a: Charizard-Prime\n|-start|p2a: Charizard-Prime|move: Leech Seed\n|\n|-heal|p1a: Arboliva|48/100|[from] Grassy Terrain\n|-heal|p1a: Arboliva|54/100|[from] item: Leftovers\n|-damage|p2a: Charizard-Prime|77/100|[from] Leech Seed|[of] p1a: Arboliva\n|-heal|p1a: Arboliva|66/100|[silent]\n|-end|p2a: Charizard-Prime|Encore\n|-fieldend|move: Grassy Terrain\n|upkeep\n|turn|22\n|\n|t:|1764027421\n|switch|p2a: Drifblim|Drifblim, M|67/100\n|move|p1a: Arboliva|Alluring Voice|p2a: Drifblim\n|-damage|p2a: Drifblim|44/100\n|\n|-heal|p1a: Arboliva|72/100|[from] item: Leftovers\n|upkeep\n|turn|23\n|\n|t:|1764027432\n|switch|p1a: Scream Tail-Prime|Scream Tail-Prime|78/100\n|-damage|p1a: Scream Tail-Prime|66/100|[from] Stealth Rock\n|move|p2a: Drifblim|Strength Sap|p1a: Scream Tail-Prime\n|-unboost|p1a: Scream Tail-Prime|atk|1\n|-heal|p2a: Drifblim|78/100\n|\n|upkeep\n|turn|24\n|\n|t:|1764027442\n|switch|p2a: Swampert-Prime|Swampert-Prime, F|100/100 brn\n|move|p1a: Scream Tail-Prime|Sparkly Swirl|p2a: Swampert-Prime\n|-damage|p2a: Swampert-Prime|62/100 brn\n|-activate|p1a: Scream Tail-Prime|move: Aromatherapy\n|-curestatus|p1: Alomomola|tox|[msg]\n|\n|-damage|p2a: Swampert-Prime|56/100 brn|[from] brn\n|upkeep\n|turn|25\n|\n|t:|1764027463\n|switch|p1a: Alomomola|Alomomola, M|97/100\n|-damage|p1a: Alomomola|84/100|[from] Stealth Rock\n|move|p2a: Swampert-Prime|Flip Turn|p1a: Alomomola\n|-resisted|p1a: Alomomola\n|-crit|p1a: Alomomola\n|-damage|p1a: Alomomola|79/100\n|-damage|p2a: Swampert-Prime|39/100 brn|[from] item: Rocky Helmet|[of] p1a: Alomomola\n|\n|t:|1764027479\n|switch|p2a: Charizard-Prime|Charizard-Prime, F|77/100|[from] Flip Turn\n|\n|upkeep\n|turn|26\n|\n|t:|1764027500\n|switch|p1a: Arboliva|Arboliva, F, tera:Water|72/100\n|-damage|p1a: Arboliva|60/100|[from] Stealth Rock\n|move|p2a: Charizard-Prime|Substitute|p2a: Charizard-Prime\n|-start|p2a: Charizard-Prime|Substitute\n|-damage|p2a: Charizard-Prime|52/100\n|\n|-heal|p1a: Arboliva|66/100|[from] item: Leftovers\n|upkeep\n|turn|27\n|\n|t:|1764027503\n|move|p2a: Charizard-Prime|Bitter Blade|p1a: Arboliva\n|-resisted|p1a: Arboliva\n|-damage|p1a: Arboliva|44/100\n|-heal|p2a: Charizard-Prime|63/100|[from] drain|[of] p1a: Arboliva\n|-fieldstart|move: Grassy Terrain|[from] ability: Seed Sower|[of] p1a: Arboliva\n|move|p1a: Arboliva|Encore|p2a: Charizard-Prime\n|-start|p2a: Charizard-Prime|Encore\n|\n|-heal|p1a: Arboliva|50/100|[from] Grassy Terrain\n|-heal|p1a: Arboliva|56/100|[from] item: Leftovers\n|upkeep\n|turn|28\n|\n|t:|1764027509\n|switch|p1a: Alomomola|Alomomola, M|100/100\n|-damage|p1a: Alomomola|88/100|[from] Stealth Rock\n|move|p2a: Charizard-Prime|Bitter Blade|p1a: Alomomola\n|-resisted|p1a: Alomomola\n|-damage|p1a: Alomomola|77/100\n|-heal|p2a: Charizard-Prime|72/100|[from] drain|[of] p1a: Alomomola\n|-damage|p2a: Charizard-Prime|55/100|[from] item: Rocky Helmet|[of] p1a: Alomomola\n|\n|-heal|p1a: Alomomola|83/100|[from] Grassy Terrain\n|upkeep\n|turn|29\n|\n|t:|1764027516\n|switch|p2a: Swampert-Prime|Swampert-Prime, F|72/100 brn\n|move|p1a: Alomomola|Wish|p1a: Alomomola\n|\n|-heal|p2a: Swampert-Prime|78/100 brn|[from] Grassy Terrain\n|-heal|p1a: Alomomola|89/100|[from] Grassy Terrain\n|-damage|p2a: Swampert-Prime|72/100 brn|[from] brn\n|upkeep\n|turn|30\n|\n|t:|1764027524\n|move|p2a: Swampert-Prime|Toxic|p1a: Alomomola\n|-status|p1a: Alomomola|tox\n|move|p1a: Alomomola|Flip Turn|p2a: Swampert-Prime\n|-damage|p2a: Swampert-Prime|60/100 brn\n|\n|t:|1764027536\n|switch|p1a: Arboliva|Arboliva, F, tera:Water|56/100|[from] Flip Turn\n|-damage|p1a: Arboliva|44/100|[from] Stealth Rock\n|\n|-heal|p1a: Arboliva|100/100|[from] move: Wish|[wisher] Alomomola\n|-heal|p2a: Swampert-Prime|66/100 brn|[from] Grassy Terrain\n|-damage|p2a: Swampert-Prime|60/100 brn|[from] brn\n|upkeep\n|turn|31\n|\n|t:|1764027546\n|move|p2a: Swampert-Prime|Flip Turn|p1a: Arboliva\n|-resisted|p1a: Arboliva\n|-damage|p1a: Arboliva|94/100\n|\n|t:|1764027554\n|switch|p2a: Drifblim|Drifblim, M|78/100|[from] Flip Turn\n|move|p1a: Arboliva|Leech Seed|p2a: Drifblim\n|-start|p2a: Drifblim|move: Leech Seed\n|\n|-heal|p1a: Arboliva|99/100|[from] Grassy Terrain\n|-heal|p1a: Arboliva|100/100|[from] item: Leftovers\n|-damage|p2a: Drifblim|66/100|[from] Leech Seed|[of] p1a: Arboliva\n|-fieldend|move: Grassy Terrain\n|upkeep\n|turn|32\n|\n|t:|1764027563\n|switch|p1a: Alomomola|Alomomola, M|100/100 tox\n|-damage|p1a: Alomomola|88/100 tox|[from] Stealth Rock\n|move|p2a: Drifblim|Strength Sap|p1a: Alomomola\n|-unboost|p1a: Alomomola|atk|1\n|-heal|p2a: Drifblim|100/100\n|\n|-damage|p2a: Drifblim|88/100|[from] Leech Seed|[of] p1a: Alomomola\n|-heal|p1a: Alomomola|99/100 tox|[silent]\n|-damage|p1a: Alomomola|93/100 tox|[from] psn\n|upkeep\n|turn|33\n|\n|t:|1764027580\n|switch|p2a: Swampert-Prime|Swampert-Prime, F|93/100 brn\n|move|p1a: Alomomola|Flip Turn|p2a: Swampert-Prime\n|-crit|p2a: Swampert-Prime\n|-damage|p2a: Swampert-Prime|76/100 brn\n|\n|t:|1764027603\n|switch|p1a: Tornadus|Tornadus-Therian, M|100/100|[from] Flip Turn\n|\n|-damage|p2a: Swampert-Prime|70/100 brn|[from] brn\n|upkeep\n|turn|34\n|\n|t:|1764027623\n|move|p1a: Tornadus|Nasty Plot|p1a: Tornadus\n|-boost|p1a: Tornadus|spa|2\n|move|p2a: Swampert-Prime|Flip Turn|p1a: Tornadus\n|-damage|p1a: Tornadus|83/100\n|\n|t:|1764027632\n|switch|p2a: Kommo-o|Kommo-o, M|100/100|[from] Flip Turn\n|\n|upkeep\n|turn|35\n|\n|t:|1764027662\n|-terastallize|p2a: Kommo-o|Steel\n|move|p1a: Tornadus|Heat Wave|p2a: Kommo-o\n|-supereffective|p2a: Kommo-o\n|-damage|p2a: Kommo-o|0 fnt\n|faint|p2a: Kommo-o\n|\n|upkeep\n|\n|t:|1764027668\n|switch|p2a: Swampert-Prime|Swampert-Prime, F|100/100 brn\n|turn|36\n|\n|t:|1764027671\n|move|p1a: Tornadus|Grass Knot|p2a: Swampert-Prime\n|-supereffective|p2a: Swampert-Prime\n|-enditem|p2a: Swampert-Prime|Rindo Berry|[eat]\n|-enditem|p2a: Swampert-Prime|Rindo Berry|[weaken]\n|-damage|p2a: Swampert-Prime|49/100 brn\n|move|p2a: Swampert-Prime|Toxic|p1a: Tornadus|[miss]\n|-miss|p2a: Swampert-Prime|p1a: Tornadus\n|\n|-damage|p2a: Swampert-Prime|43/100 brn|[from] brn\n|upkeep\n|turn|37\n|c|☆drew0723|sorry\n|c|☆FrogadierDucklett|I think u got it anyways\n|\n|t:|1764027686\n|move|p1a: Tornadus|Grass Knot|p2a: Swampert-Prime\n|-supereffective|p2a: Swampert-Prime\n|-damage|p2a: Swampert-Prime|0 fnt\n|faint|p2a: Swampert-Prime\n|\n|upkeep\n|\n|t:|1764027697\n|switch|p2a: Charizard-Prime|Charizard-Prime, F|55/100\n|turn|38\n|\n|t:|1764027701\n|move|p1a: Tornadus|Hurricane|p2a: Charizard-Prime\n|-damage|p2a: Charizard-Prime|0 fnt\n|faint|p2a: Charizard-Prime\n|\n|upkeep\n|\n|t:|1764027706\n|switch|p2a: Iron Treads|Iron Treads|33/100\n|turn|39\n|\n|t:|1764027709\n|move|p1a: Tornadus|Heat Wave|p2a: Iron Treads\n|-supereffective|p2a: Iron Treads\n|-crit|p2a: Iron Treads\n|-damage|p2a: Iron Treads|0 fnt\n|faint|p2a: Iron Treads\n|-end|p2a: Iron Treads|Quark Drive|[silent]\n|\n|upkeep\n|\n|t:|1764027710\n|switch|p2a: Drifblim|Drifblim, M|88/100\n|turn|40\n|c|☆FrogadierDucklett|ggs\n|\n|t:|1764027715\n|move|p1a: Tornadus|Hurricane|p2a: Drifblim\n|-damage|p2a: Drifblim|0 fnt\n|faint|p2a: Drifblim\n|\n|win|drew0723\n|c|☆drew0723|GG\n","players":["drew0723","FrogadierDucklett"],"format":"[Gen 9] NatDex Draft","rating":null,"private":0,"password":null,"inputlog":">version 8a9d31cff1d14ee6b7aa1086104a557c7920492c\n>start {\"formatid\":\"gen9natdexdraft@@@Tera Type Preview\",\"seed\":\"sodium,dcc5e80dbf38f396f22247ee020bae10\"}\n>player p1 {\"name\":\"drew0723\",\"avatar\":\"102\",\"team\":\"Scream Tail-Prime||Leftovers|Unaware|CalmMind,SparklySwirl,Flamethrower,Moonlight|Timid|88,,,252,,168|N|,0,,,,|||,,,,,Fairy]Tornadus|TornadusTherian|HeavyDutyBoots|Regenerator|Hurricane,HeatWave,GrassKnot,NastyPlot|Timid|,,,252,,252|M|,0,,,,|||,,,,,Steel]Great Tusk||Leftovers|Protosynthesis|HeadlongRush,IceSpinner,StealthRock,RapidSpin|Adamant|252,252,,,,|N||||,Fighting,,,,Ground]Iron Moth||PowerHerb|QuarkDrive|FieryDance,SludgeWave,EnergyBall,MeteorBeam|Timid|,,,252,,252|N|,0,,,,|||,,,,,Fire]Alomomola||RockyHelmet|Regenerator|Scald,Wish,Protect,FlipTurn|Relaxed|248,,252,,8,|M|,,,,,0|||,,,,,Water]Arboliva||Leftovers|SeedSower|GigaDrain,AlluringVoice,LeechSeed,Encore|Calm|248,,8,,252,|F|,0,,,,|||,,,,,Water\",\"rating\":0}\n>player p2 {\"name\":\"FrogadierDucklett\",\"avatar\":\"169\",\"team\":\"Kommo-o||Leftovers|Soundproof|PoisonJab,BodyPress,Roar,Screech|Impish|252,4,252,,,|M||||,,,,,Steel]Swampert-Prime||RindoBerry|Regenerator|StealthRock,FlipTurn,Earthquake,Toxic|Careful|252,4,,,252,|F||||,,,,,Water]Charizard-Prime||SalacBerry|BeastBoost|BitterBlade,BellyDrum,Substitute,Acrobatics|Adamant|12,248,,,,248|F||||,,,,,Fire]Drifblim||RockyHelmet|Aftermath|Defog,StrengthSap,NightShade,Toxic|Bold|112,,252,,144,|M|,0,,,,|||,,,,,Ghost]Deoxys|DeoxysSpeed|ChoiceSpecs|Pressure|Spikes,ShadowBall,PsychoBoost,Trick|Modest|232,,,252,,24|N|,0,,,,|||,,,,,Psychic]Iron Treads||AssaultVest|QuarkDrive|RapidSpin,Earthquake,VoltSwitch,HeavySlam|Adamant|,252,,,252,4|N||||,,,,,Ground\",\"rating\":0}\n>chat ☆FrogadierDucklett|glhf!\n>chat ☆drew0723|Good Luck, Have Fun!\n>p1 team 4, 2, 3, 1, 5, 6\n>p2 team 2, 1, 3, 4, 5, 6\n>p1 switch 5\n>p2 move earthquake\n>p1 move flipturn\n>p2 move toxic\n>p1 switch 6\n>p1 move leechseed terastallize\n>p2 move flipturn\n>p2 switch 6\n>p1 move gigadrain\n>p2 move voltswitch\n>p2 switch 4\n>p1 move encore\n>p2 move toxic\n>p1 switch 5\n>p2 switch 4\n>p1 move fierydance\n>p2 move earthquake\n>p1 switch 6\n>p1 move flipturn\n>p2 move voltswitch\n>p2 switch 4\n>p1 switch 4\n>p1 move calmmind\n>p2 move toxic\n>p1 move sparklyswirl\n>p2 switch 5\n>p1 move flamethrower\n>p2 move trick\n>p2 switch 6\n>p1 switch 4\n>p2 move stealthrock\n>p1 move scald\n>p2 move toxic\n>p1 move flipturn\n>p2 move toxic\n>p1 switch 4\n>p1 move sparklyswirl\n>p2 move flipturn\n>p2 switch 3\n>p1 switch 5\n>p2 move substitute\n>p1 move alluringvoice\n>p2 move bitterblade\n>p1 move encore\n>p2 move bitterblade\n>p1 switch 4\n>p2 move bitterblade\n>p1 move flipturn\n>p2 move bitterblade\n>p1 switch 4\n>p1 move leechseed\n>p2 move bitterblade\n>p1 move alluringvoice\n>p2 switch 5\n>p1 switch 5\n>p2 move strengthsap\n>p1 move sparklyswirl\n>p2 switch 3\n>p1 switch 4\n>p2 move flipturn\n>p2 switch 5\n>p1 switch 5\n>p2 move substitute\n>p1 move encore\n>p2 move bitterblade\n>p1 switch 5\n>p2 move bitterblade\n>p1 move wish\n>p2 switch 5\n>p1 move flipturn\n>p2 move toxic\n>p1 switch 5\n>p1 move leechseed\n>p2 move flipturn\n>p2 switch 3\n>p1 switch 5\n>p2 move strengthsap\n>p1 move flipturn\n>p2 switch 3\n>p1 switch 2\n>p1 move nastyplot\n>p2 move flipturn\n>p2 switch 2\n>p1 move heatwave\n>p2 move roar terastallize\n>p2 switch 2\n>p1 move grassknot\n>p2 move toxic\n>chat ☆drew0723|sorry\n>chat ☆FrogadierDucklett|I think u got it anyways\n>p1 move grassknot\n>p2 move flipturn\n>p2 switch 5\n>p1 move hurricane\n>p2 move bellydrum\n>p2 switch 4\n>p1 move heatwave\n>p2 move heavyslam\n>p2 switch 3\n>chat ☆FrogadierDucklett|ggs\n>p1 move hurricane\n>p2 move toxic","uploadtime":1764027724}