{"id":"gen9natdexdraft-58","log":"|j|☆liviifailure\n|j|☆Ark64\n|t:|1760141722\n|gametype|singles\n|player|p1|liviifailure|iris-gen5bw2|\n|player|p2|Ark64|2|\n|gen|9\n|tier|[Gen 9] NatDex Draft\n|rule|Tera Type Preview: Tera Types are shown at Team Preview\n|rule|Sleep Clause Mod: Limit one foe put to sleep\n|rule|OHKO Clause: OHKO moves are banned\n|rule|Evasion Clause: Evasion abilities, items, and moves are banned\n|rule|Evasion Abilities Clause: Evasion abilities are banned\n|rule|Evasion Items Clause: Evasion items are banned\n|rule|Evasion Moves Clause: Evasion moves are banned\n|rule|Endless Battle Clause: Forcing endless battles is banned\n|rule|HP Percentage Mod: HP is shown in percentages\n|raw|<div class=\"infobox\"><details class=\"readmore\" open><summary><strong>1 custom rule:</strong></summary> tera type preview</details></div>\n|clearpoke\n|poke|p1|Dragalge-Prime, M|\n|poke|p1|Abomasnow, M|\n|poke|p1|Terapagos, M|\n|poke|p1|Bombirdier, M|\n|poke|p1|Hattrem, F|\n|poke|p1|Empoleon, F|\n|poke|p2|Garchomp-Prime, M|\n|poke|p2|Meganium-Prime, M|\n|poke|p2|Rotom-Heat|\n|poke|p2|Dondozo, M|\n|poke|p2|Murkrow, F|\n|poke|p2|Excadrill, F|\n|raw|liviifailure's Tera Types:<br /><psicon pokemon=\"dragalgeprime\" /><psicon type=\"Stellar\" /> / <psicon pokemon=\"abomasnow\" /><psicon type=\"Stellar\" /> / <psicon pokemon=\"terapagos\" /><psicon type=\"Stellar\" /> / <psicon pokemon=\"bombirdier\" /><psicon type=\"Ground\" /> / <psicon pokemon=\"hattrem\" /><psicon type=\"Fairy\" /> / <psicon pokemon=\"empoleon\" /><psicon type=\"Stellar\" />\n|raw|Ark64's Tera Types:<br /><psicon pokemon=\"garchompprime\" /><psicon type=\"Stellar\" /> / <psicon pokemon=\"meganiumprime\" /><psicon type=\"Stellar\" /> / <psicon pokemon=\"rotomheat\" /><psicon type=\"Stellar\" /> / <psicon pokemon=\"dondozo\" /><psicon type=\"Stellar\" /> / <psicon pokemon=\"murkrow\" /><psicon type=\"Stellar\" /> / <psicon pokemon=\"excadrill\" /><psicon type=\"Grass\" />\n|teampreview\n|c|☆liviifailure|glhf\n|j|~SparksTheNeo\n|\n|t:|1760141765\n|teamsize|p1|6\n|teamsize|p2|6\n|start\n|switch|p1a: Dragalge-Prime|Dragalge-Prime, M|100/100\n|switch|p2a: Garchomp-Prime|Garchomp-Prime, M, shiny|100/100\n|turn|1\n|\n|t:|1760141771\n|switch|p2a: Excadrill|Excadrill, F, shiny|100/100\n|-ability|p2a: Excadrill|Mold Breaker\n|move|p1a: Dragalge-Prime|Trick Room|p1a: Dragalge-Prime\n|-fieldstart|move: Trick Room|[of] p1a: Dragalge-Prime\n|\n|upkeep\n|turn|2\n|\n|t:|1760141775\n|move|p1a: Dragalge-Prime|Flip Turn|p2a: Excadrill\n|-supereffective|p2a: Excadrill\n|-damage|p2a: Excadrill|61/100\n|\n|t:|1760141780\n|switch|p1a: Bombirdier|Bombirdier, M|100/100|[from] Flip Turn\n|move|p2a: Excadrill|Earthquake|p1a: Bombirdier\n|-immune|p1a: Bombirdier\n|\n|upkeep\n|turn|3\n|\n|t:|1760141788\n|switch|p2a: Dondozo|Dondozo, M, shiny|100/100\n|move|p1a: Bombirdier|Parting Shot|p2a: Dondozo\n|-unboost|p2a: Dondozo|atk|1\n|-unboost|p2a: Dondozo|spa|1\n|\n|t:|1760141792\n|switch|p1a: Abomasnow|Abomasnow, M|100/100|[from] Parting Shot\n|\n|upkeep\n|turn|4\n|\n|t:|1760141803\n|switch|p2a: Rotom|Rotom-Heat, shiny|100/100\n|detailschange|p1a: Abomasnow|Abomasnow-Mega, M\n|-mega|p1a: Abomasnow|Abomasnow|Abomasite\n|-weather|Snowscape|[from] ability: Snow Warning|[of] p1a: Abomasnow\n|move|p1a: Abomasnow|Wood Hammer|p2a: Rotom\n|-resisted|p2a: Rotom\n|-damage|p2a: Rotom|75/100\n|-damage|p1a: Abomasnow|94/100|[from] Recoil\n|\n|-weather|Snowscape|[upkeep]\n|-heal|p2a: Rotom|81/100|[from] item: Leftovers\n|upkeep\n|turn|5\n|c|~SparksTheNeo|lowkey didnt realize bombirdier got parting\n|\n|t:|1760141821\n|switch|p1a: Empoleon|Empoleon, F|100/100\n|move|p2a: Rotom|Will-O-Wisp|p1a: Empoleon\n|-status|p1a: Empoleon|brn\n|\n|-weather|Snowscape|[upkeep]\n|-heal|p2a: Rotom|87/100|[from] item: Leftovers\n|-damage|p1a: Empoleon|94/100 brn|[from] brn\n|-fieldend|move: Trick Room\n|upkeep\n|turn|6\n|\n|t:|1760141828\n|move|p2a: Rotom|Volt Switch|p1a: Empoleon\n|-supereffective|p1a: Empoleon\n|-damage|p1a: Empoleon|48/100 brn\n|\n|t:|1760141832\n|switch|p2a: Meganium-Prime|Meganium-Prime, M, shiny|100/100|[from] Volt Switch\n|move|p1a: Empoleon|Scald|p2a: Meganium-Prime\n|-resisted|p2a: Meganium-Prime\n|-damage|p2a: Meganium-Prime|77/100\n|\n|-weather|Snowscape|[upkeep]\n|-damage|p1a: Empoleon|42/100 brn|[from] brn\n|upkeep\n|turn|7\n|\n|t:|1760141837\n|switch|p1a: Bombirdier|Bombirdier, M|100/100\n|move|p2a: Meganium-Prime|Dragon Dance|p2a: Meganium-Prime\n|-boost|p2a: Meganium-Prime|atk|1\n|-boost|p2a: Meganium-Prime|spe|1\n|\n|-weather|Snowscape|[upkeep]\n|upkeep\n|turn|8\n|\n|t:|1760141845\n|move|p2a: Meganium-Prime|Stone Axe|p1a: Bombirdier\n|-supereffective|p1a: Bombirdier\n|-damage|p1a: Bombirdier|22/100\n|-sidestart|p1: liviifailure|move: Stealth Rock\n|move|p1a: Bombirdier|Brave Bird|p2a: Meganium-Prime\n|-supereffective|p2a: Meganium-Prime\n|-damage|p2a: Meganium-Prime|0 fnt\n|faint|p2a: Meganium-Prime\n|-damage|p1a: Bombirdier|0 fnt|[from] Recoil\n|faint|p1a: Bombirdier\n|\n|-weather|none\n|upkeep\n|\n|t:|1760141870\n|switch|p2a: Murkrow|Murkrow, F, shiny|100/100\n|switch|p1a: Terapagos|Terapagos, M|100/100\n|-activate|p1a: Terapagos|ability: Tera Shift\n|detailschange|p1a: Terapagos|Terapagos-Terastal, M\n|-heal|p1a: Terapagos|100/100|[silent]\n|turn|9\n|\n|t:|1760141875\n|move|p2a: Murkrow|Thunder Wave|p1a: Terapagos\n|-status|p1a: Terapagos|par\n|move|p1a: Terapagos|Rapid Spin|p2a: Murkrow\n|-damage|p2a: Murkrow|84/100\n|-boost|p1a: Terapagos|spe|1\n|-sideend|p1: liviifailure|Stealth Rock|[from] move: Rapid Spin|[of] p1a: Terapagos\n|\n|upkeep\n|turn|10\n|j| The_Shawdoin\n|\n|t:|1760141884\n|switch|p2a: Dondozo|Dondozo, M, shiny|100/100\n|move|p1a: Terapagos|Ice Beam|p2a: Dondozo\n|-resisted|p2a: Dondozo\n|-damage|p2a: Dondozo|93/100\n|-status|p2a: Dondozo|frz\n|\n|upkeep\n|turn|11\n|c|☆liviifailure|mb\n|c| The_Shawdoin|damn\n|\n|t:|1760141899\n|switch|p1a: Hattrem|Hattrem, F|100/100\n|cant|p2a: Dondozo|frz\n|\n|upkeep\n|turn|12\n|\n|t:|1760141903\n|cant|p2a: Dondozo|frz\n|move|p1a: Hattrem|Trick Room|p1a: Hattrem\n|-fieldstart|move: Trick Room|[of] p1a: Hattrem\n|\n|upkeep\n|turn|13\n|\n|t:|1760141906\n|move|p1a: Hattrem|Future Sight|p2a: Dondozo\n|-start|p1a: Hattrem|move: Future Sight\n|cant|p2a: Dondozo|frz\n|\n|upkeep\n|turn|14\n|\n|t:|1760141913\n|move|p1a: Hattrem|Draining Kiss|p2a: Dondozo\n|-damage|p2a: Dondozo|87/100 frz\n|cant|p2a: Dondozo|frz\n|\n|upkeep\n|turn|15\n|\n|t:|1760141918\n|move|p1a: Hattrem|Draining Kiss|p2a: Dondozo\n|-damage|p2a: Dondozo|82/100 frz\n|cant|p2a: Dondozo|frz\n|\n|-end|p2a: Dondozo|move: Future Sight\n|-damage|p2a: Dondozo|63/100 frz\n|upkeep\n|turn|16\n|c|☆liviifailure|...\n|c|☆Ark64|why does this game hate me\n|\n|t:|1760141930\n|move|p1a: Hattrem|Draining Kiss|p2a: Dondozo\n|-crit|p2a: Dondozo\n|-damage|p2a: Dondozo|54/100 frz\n|-curestatus|p2a: Dondozo|frz|[msg]\n|move|p2a: Dondozo|Order Up|p1a: Hattrem\n|-damage|p1a: Hattrem|87/100\n|\n|-fieldend|move: Trick Room\n|upkeep\n|turn|17\n|\n|t:|1760141938\n|switch|p2a: Excadrill|Excadrill, F, shiny|61/100\n|-ability|p2a: Excadrill|Mold Breaker\n|move|p1a: Hattrem|Trick Room|p1a: Hattrem\n|-fieldstart|move: Trick Room|[of] p1a: Hattrem\n|\n|upkeep\n|turn|18\n|\n|t:|1760141941\n|move|p1a: Hattrem|Mystical Fire|p2a: Excadrill\n|-supereffective|p2a: Excadrill\n|-damage|p2a: Excadrill|21/100\n|-unboost|p2a: Excadrill|spa|1\n|move|p2a: Excadrill|Iron Head|p1a: Hattrem\n|-damage|p1a: Hattrem|56/100\n|\n|upkeep\n|turn|19\n|\n|t:|1760141948\n|switch|p2a: Rotom|Rotom-Heat, shiny|87/100\n|move|p1a: Hattrem|Mystical Fire|p2a: Rotom\n|-resisted|p2a: Rotom\n|-damage|p2a: Rotom|79/100\n|-unboost|p2a: Rotom|spa|1\n|\n|-heal|p2a: Rotom|85/100|[from] item: Leftovers\n|upkeep\n|turn|20\n|\n|t:|1760141954\n|move|p1a: Hattrem|Future Sight|p2a: Rotom\n|-start|p1a: Hattrem|move: Future Sight\n|move|p2a: Rotom|Trick|p1a: Hattrem\n|-activate|p2a: Rotom|move: Trick|[of] p1a: Hattrem\n|-item|p1a: Hattrem|Leftovers|[from] move: Trick\n|-item|p2a: Rotom|Eviolite|[from] move: Trick\n|\n|-heal|p1a: Hattrem|62/100|[from] item: Leftovers\n|upkeep\n|turn|21\n|\n|t:|1760141964\n|move|p1a: Hattrem|Mystical Fire|p2a: Rotom\n|-resisted|p2a: Rotom\n|-damage|p2a: Rotom|77/100\n|-unboost|p2a: Rotom|spa|1\n|move|p2a: Rotom|Overheat|p1a: Hattrem\n|-damage|p1a: Hattrem|27/100\n|-unboost|p2a: Rotom|spa|2\n|\n|-heal|p1a: Hattrem|33/100|[from] item: Leftovers\n|-fieldend|move: Trick Room\n|upkeep\n|turn|22\n|\n|t:|1760141971\n|move|p2a: Rotom|Volt Switch|p1a: Hattrem\n|-damage|p1a: Hattrem|20/100\n|\n|t:|1760141974\n|switch|p2a: Garchomp-Prime|Garchomp-Prime, M, shiny|100/100|[from] Volt Switch\n|move|p1a: Hattrem|Trick Room|p1a: Hattrem\n|-fieldstart|move: Trick Room|[of] p1a: Hattrem\n|\n|-end|p2a: Garchomp-Prime|move: Future Sight\n|-damage|p2a: Garchomp-Prime|75/100\n|-heal|p1a: Hattrem|26/100|[from] item: Leftovers\n|-heal|p2a: Garchomp-Prime|81/100|[from] item: Leftovers\n|upkeep\n|turn|23\n|\n|t:|1760141981\n|-terastallize|p1a: Hattrem|Fairy\n|move|p1a: Hattrem|Draining Kiss|p2a: Garchomp-Prime\n|-supereffective|p2a: Garchomp-Prime\n|-damage|p2a: Garchomp-Prime|54/100\n|-heal|p1a: Hattrem|55/100|[from] drain|[of] p2a: Garchomp-Prime\n|move|p2a: Garchomp-Prime|Earthquake|p1a: Hattrem\n|-damage|p1a: Hattrem|6/100\n|\n|-heal|p1a: Hattrem|12/100|[from] item: Leftovers\n|-heal|p2a: Garchomp-Prime|60/100|[from] item: Leftovers\n|upkeep\n|turn|24\n|\n|t:|1760141988\n|move|p1a: Hattrem|Draining Kiss|p2a: Garchomp-Prime\n|-supereffective|p2a: Garchomp-Prime\n|-damage|p2a: Garchomp-Prime|33/100\n|-heal|p1a: Hattrem|42/100|[from] drain|[of] p2a: Garchomp-Prime\n|move|p2a: Garchomp-Prime|Bitter Blade|p1a: Hattrem\n|-damage|p1a: Hattrem|13/100\n|-heal|p2a: Garchomp-Prime|43/100|[from] drain|[of] p1a: Hattrem\n|\n|-heal|p1a: Hattrem|19/100|[from] item: Leftovers\n|-heal|p2a: Garchomp-Prime|49/100|[from] item: Leftovers\n|upkeep\n|turn|25\n|\n|t:|1760141996\n|switch|p2a: Rotom|Rotom-Heat, shiny|77/100\n|move|p1a: Hattrem|Draining Kiss|p2a: Rotom\n|-resisted|p2a: Rotom\n|-damage|p2a: Rotom|67/100\n|-heal|p1a: Hattrem|26/100|[from] drain|[of] p2a: Rotom\n|\n|-heal|p1a: Hattrem|32/100|[from] item: Leftovers\n|upkeep\n|turn|26\n|c|~SparksTheNeo|damn it tanked that eq\n|\n|t:|1760142012\n|switch|p1a: Empoleon|Empoleon, F|42/100 brn\n|move|p2a: Rotom|Overheat|p1a: Empoleon\n|-damage|p1a: Empoleon|0 fnt\n|-unboost|p2a: Rotom|spa|2\n|faint|p1a: Empoleon\n|\n|-fieldend|move: Trick Room\n|upkeep\n|\n|t:|1760142018\n|switch|p1a: Dragalge-Prime|Dragalge-Prime, M|100/100\n|turn|27\n|\n|t:|1760142024\n|move|p2a: Rotom|Volt Switch|p1a: Dragalge-Prime\n|-resisted|p1a: Dragalge-Prime\n|-damage|p1a: Dragalge-Prime|96/100\n|\n|t:|1760142027\n|switch|p2a: Dondozo|Dondozo, M, shiny|54/100|[from] Volt Switch\n|move|p1a: Dragalge-Prime|Trick Room|p1a: Dragalge-Prime\n|-fieldstart|move: Trick Room|[of] p1a: Dragalge-Prime\n|\n|upkeep\n|turn|28\n|\n|t:|1760142031\n|move|p2a: Dondozo|Earthquake|p1a: Dragalge-Prime\n|-supereffective|p1a: Dragalge-Prime\n|-damage|p1a: Dragalge-Prime|57/100\n|move|p1a: Dragalge-Prime|Flip Turn|p2a: Dondozo\n|-resisted|p2a: Dondozo\n|-damage|p2a: Dondozo|50/100\n|\n|t:|1760142036\n|switch|p1a: Abomasnow|Abomasnow-Mega, M|94/100|[from] Flip Turn\n|-weather|Snowscape|[from] ability: Snow Warning|[of] p1a: Abomasnow\n|\n|-weather|Snowscape|[upkeep]\n|upkeep\n|turn|29\n|\n|t:|1760142043\n|switch|p1a: Terapagos|Terapagos-Terastal, M|100/100 par\n|switch|p2a: Rotom|Rotom-Heat, shiny|67/100\n|\n|-weather|Snowscape|[upkeep]\n|upkeep\n|turn|30\n|\n|t:|1760142049\n|move|p1a: Terapagos|Tera Starstorm|p2a: Rotom\n|-damage|p2a: Rotom|0 fnt\n|faint|p2a: Rotom\n|\n|-weather|Snowscape|[upkeep]\n|upkeep\n|\n|t:|1760142055\n|switch|p2a: Dondozo|Dondozo, M, shiny|50/100\n|turn|31\n|\n|t:|1760142058\n|move|p2a: Dondozo|Liquidation|p1a: Terapagos\n|-activate|p1a: Terapagos|ability: Tera Shell\n|-resisted|p1a: Terapagos\n|-damage|p1a: Terapagos|88/100 par\n|move|p1a: Terapagos|Tera Starstorm|p2a: Dondozo\n|-damage|p2a: Dondozo|20/100\n|\n|-weather|Snowscape|[upkeep]\n|-fieldend|move: Trick Room\n|upkeep\n|turn|32\n|\n|t:|1760142067\n|cant|p1a: Terapagos|par\n|move|p2a: Dondozo|Liquidation|p1a: Terapagos\n|-damage|p1a: Terapagos|64/100 par\n|\n|-weather|none\n|upkeep\n|turn|33\n|\n|t:|1760142073\n|move|p1a: Terapagos|Tera Starstorm|p2a: Dondozo\n|-damage|p2a: Dondozo|0 fnt\n|faint|p2a: Dondozo\n|\n|upkeep\n|c|☆Ark64|i prob lose here\n|\n|t:|1760142091\n|switch|p2a: Excadrill|Excadrill, F, shiny|21/100\n|-ability|p2a: Excadrill|Mold Breaker\n|turn|34\n|\n|t:|1760142099\n|move|p2a: Excadrill|Earthquake|p1a: Terapagos\n|-damage|p1a: Terapagos|18/100 par\n|move|p1a: Terapagos|Ice Beam|p2a: Excadrill\n|-damage|p2a: Excadrill|0 fnt\n|faint|p2a: Excadrill\n|\n|upkeep\n|\n|t:|1760142103\n|switch|p2a: Garchomp-Prime|Garchomp-Prime, M, shiny|49/100\n|turn|35\n|\n|t:|1760142106\n|move|p2a: Garchomp-Prime|Bitter Blade|p1a: Terapagos\n|-damage|p1a: Terapagos|0 fnt\n|-heal|p2a: Garchomp-Prime|56/100|[from] drain|[of] p1a: Terapagos\n|faint|p1a: Terapagos\n|\n|-heal|p2a: Garchomp-Prime|62/100|[from] item: Leftovers\n|upkeep\n|\n|t:|1760142110\n|switch|p1a: Abomasnow|Abomasnow-Mega, M|94/100\n|-weather|Snowscape|[from] ability: Snow Warning|[of] p1a: Abomasnow\n|turn|36\n|\n|t:|1760142112\n|move|p1a: Abomasnow|Ice Shard|p2a: Garchomp-Prime\n|-supereffective|p2a: Garchomp-Prime\n|-damage|p2a: Garchomp-Prime|2/100\n|move|p2a: Garchomp-Prime|Bitter Blade|p1a: Abomasnow\n|-supereffective|p1a: Abomasnow\n|-damage|p1a: Abomasnow|32/100\n|-heal|p2a: Garchomp-Prime|27/100|[from] drain|[of] p1a: Abomasnow\n|\n|-weather|Snowscape|[upkeep]\n|-heal|p2a: Garchomp-Prime|34/100|[from] item: Leftovers\n|upkeep\n|turn|37\n|\n|t:|1760142119\n|switch|p2a: Murkrow|Murkrow, F, shiny|84/100\n|move|p1a: Abomasnow|Ice Shard|p2a: Murkrow\n|-supereffective|p2a: Murkrow\n|-crit|p2a: Murkrow\n|-damage|p2a: Murkrow|16/100\n|\n|-weather|Snowscape|[upkeep]\n|upkeep\n|turn|38\n|\n|t:|1760142123\n|move|p2a: Murkrow|Thunder Wave|p1a: Abomasnow\n|-status|p1a: Abomasnow|par\n|move|p1a: Abomasnow|Ice Shard|p2a: Murkrow\n|-supereffective|p2a: Murkrow\n|-damage|p2a: Murkrow|0 fnt\n|faint|p2a: Murkrow\n|\n|-weather|Snowscape|[upkeep]\n|upkeep\n|\n|t:|1760142126\n|switch|p2a: Garchomp-Prime|Garchomp-Prime, M, shiny|34/100\n|turn|39\n|\n|t:|1760142129\n|move|p1a: Abomasnow|Ice Shard|p2a: Garchomp-Prime\n|-supereffective|p2a: Garchomp-Prime\n|-damage|p2a: Garchomp-Prime|0 fnt\n|faint|p2a: Garchomp-Prime\n|\n|win|liviifailure\n|c|☆Ark64|gg\n|c|☆liviifailure|gg mb for the hax\n","players":["liviifailure","Ark64"],"format":"[Gen 9] NatDex Draft","rating":null,"private":0,"password":null,"inputlog":">version c5f06566d1a0a24bc6fa6bc2146fd951ef712f76\n>start {\"formatid\":\"gen9natdexdraft@@@tera type preview\",\"seed\":\"sodium,a8fcab6fcd62d4962ff27140e5eec2a6\"}\n>player p1 {\"name\":\"liviifailure\",\"avatar\":\"iris-gen5bw2\",\"team\":\"Dragalge-Prime||FocusSash|DragonsMaw|FlipTurn,TrickRoom,DracoMeteor,FocusBlast|Quiet|248,,,252,8,|M|,,,,,0|||,,,,,Stellar]Abomasnow||Abomasite|Soundproof|IceShard,WoodHammer,IceSpinner,Earthquake|Brave|248,252,8,,,|M|,,,,,0|||,,,,,Stellar]Terapagos||HeavyDutyBoots|TeraShift|RapidSpin,IceBeam,TeraStarstorm,EarthPower|Modest|72,,,252,,184|M||||,Dark,,,,Stellar]Bombirdier||ChoiceScarf|BigPecks|BraveBird,DrillRun,KnockOff,PartingShot|Jolly|24,252,4,,,228|M||||,,,,,Ground]Hattrem||Eviolite|MagicBounce|TrickRoom,FutureSight,DrainingKiss,MysticalFire|Relaxed|248,,252,8,,|F|,0,,,,0|||,,,,,Fairy]Empoleon||ChoiceSpecs|Competitive|IceBeam,HiddenPowerGround,Scald,FlipTurn|Quiet|248,,8,252,,|F|,30,,,,|||,Ground,,,,Stellar\",\"rating\":0}\n>player p2 {\"name\":\"Ark64\",\"avatar\":\"2\",\"team\":\"Garchomp-Prime||Leftovers|ArenaTrap|StealthRock,Spikes,Earthquake,BitterBlade||252,,,,,|M||S||,,,,,Stellar]Meganium-Prime||WeaknessPolicy|ThickFat|DragonDance,SappySeed,StoneAxe,Earthquake|Jolly|44,252,4,,,208|M||S||,,,,,Stellar]Rotom|RotomHeat|Leftovers|Levitate|Trick,WillOWisp,Overheat,VoltSwitch|Bold|196,,252,,56,4|N|,0,,,,|S||,,,,,Stellar]Dondozo||AssaultVest|Unaware|OrderUp,Liquidation,Earthquake,ZenHeadbutt|Careful|252,,192,,64,|M||S||,,,,,Stellar]Murkrow||Eviolite|Prankster|Haze,Roost,ThunderWave,FoulPlay|Careful|240,,160,,108,|F|,0,,,,|S||,,,,,Stellar]Excadrill||HeavyDutyBoots|MoldBreaker|RapidSpin,IronHead,SwordsDance,Earthquake|Jolly|24,252,,,,232|F||S||,,,,,Grass\",\"rating\":0}\n>chat ☆liviifailure|glhf\n>p1 team 1, 2, 3, 4, 5, 6\n>p2 team 1, 2, 3, 4, 5, 6\n>p1 move trickroom\n>p2 switch 6\n>p1 move flipturn\n>p2 move earthquake\n>p1 switch 4\n>p1 move partingshot\n>p2 switch 4\n>p1 switch 2\n>p1 move woodhammer mega\n>p2 switch 3\n>chat ~SparksTheNeo|lowkey didnt realize bombirdier got parting\n>p1 switch 6\n>p2 move willowisp\n>p1 move scald\n>p2 move voltswitch\n>p2 switch 2\n>p1 switch 2\n>p2 move dragondance\n>p1 move bravebird\n>p2 move stoneaxe\n>p1 switch 3\n>p2 switch 5\n>p1 move rapidspin\n>p2 move thunderwave\n>p1 move icebeam\n>p2 switch 3\n>chat ☆liviifailure|mb\n>chat  The_Shawdoin|damn\n>p1 switch 5\n>p2 move liquidation\n>p1 move trickroom\n>p2 move liquidation\n>p1 move futuresight\n>p2 move liquidation\n>p1 move drainingkiss\n>p2 move liquidation\n>p1 move drainingkiss\n>p2 move liquidation\n>chat ☆liviifailure|...\n>chat ☆Ark64|why does this game hate me\n>p1 move drainingkiss\n>p2 move orderup\n>p1 move trickroom\n>p2 switch 4\n>p1 move mysticalfire\n>p2 move ironhead\n>p1 move mysticalfire\n>p2 switch 2\n>p1 move futuresight\n>p2 move trick\n>p1 move mysticalfire\n>p2 move overheat\n>p1 move trickroom\n>p2 move voltswitch\n>p2 switch 6\n>p1 move drainingkiss terastallize\n>p2 move earthquake\n>p1 move drainingkiss\n>p2 move bitterblade\n>p1 move drainingkiss\n>p2 switch 6\n>chat ~SparksTheNeo|damn it tanked that eq\n>p1 switch 2\n>p2 move overheat\n>p1 switch 4\n>p1 move trickroom\n>p2 move voltswitch\n>p2 switch 4\n>p1 move flipturn\n>p2 move earthquake\n>p1 switch 6\n>p1 switch 5\n>p2 switch 4\n>p1 move terastarstorm\n>p2 move trick\n>p2 switch 4\n>p1 move terastarstorm\n>p2 move liquidation\n>p1 move terastarstorm\n>p2 move liquidation\n>p1 move terastarstorm\n>p2 move liquidation\n>chat ☆Ark64|i prob lose here\n>p2 switch 2\n>p1 move icebeam\n>p2 move earthquake\n>p2 switch 6\n>p1 move icebeam\n>p2 move bitterblade\n>p1 switch 5\n>p1 move iceshard\n>p2 move bitterblade\n>p1 move iceshard\n>p2 switch 3\n>p1 move iceshard\n>p2 move thunderwave\n>p2 switch 3\n>p1 move iceshard\n>p2 move bitterblade","uploadtime":1760142139}