{"id":"gen9natdexdraft-94","log":"|j|☆fiendishzealot\n|j|☆bajram1892\n|t:|1760816712\n|gametype|singles\n|player|p1|fiendishzealot|102|\n|player|p2|bajram1892|170|\n|gen|9\n|tier|[Gen 9] NatDex Draft\n|rule|Tera Type Preview: Tera Types are shown at Team Preview\n|rule|Sleep Clause Mod: Limit one foe put to sleep\n|rule|OHKO Clause: OHKO moves are banned\n|rule|Evasion Clause: Evasion abilities, items, and moves are banned\n|rule|Evasion Abilities Clause: Evasion abilities are banned\n|rule|Evasion Items Clause: Evasion items are banned\n|rule|Evasion Moves Clause: Evasion moves are banned\n|rule|Endless Battle Clause: Forcing endless battles is banned\n|rule|HP Percentage Mod: HP is shown in percentages\n|raw|<div class=\"infobox\"><details class=\"readmore\" open><summary><strong>1 custom rule:</strong></summary> Tera Type Preview</details></div>\n|clearpoke\n|poke|p1|Queendra, M|\n|poke|p1|Celesteela|\n|poke|p1|Eelektross-Hell, M|\n|poke|p1|Donphan, F|\n|poke|p1|Tapu Fini|\n|poke|p1|Meloetta|\n|poke|p2|Altaria-Hell, M|\n|poke|p2|Klekelord, F|\n|poke|p2|Dashing Hammer, F|\n|poke|p2|Rotom-Brass, M|\n|poke|p2|Gligar, M|\n|poke|p2|Drifblim-Hell, M|\n|raw|fiendishzealot's Tera Types:<br /><psicon pokemon=\"queendra\" /><psicon type=\"Ice\" /> / <psicon pokemon=\"celesteela\" /><psicon type=\"Water\" /> / <psicon pokemon=\"eelektrosshell\" /><psicon type=\"Fire\" /> / <psicon pokemon=\"donphan\" /><psicon type=\"Ground\" /> / <psicon pokemon=\"tapufini\" /><psicon type=\"Water\" /> / <psicon pokemon=\"meloetta\" /><psicon type=\"Normal\" />\n|raw|bajram1892's Tera Types:<br /><psicon pokemon=\"altariahell\" /><psicon type=\"Fire\" /> / <psicon pokemon=\"klekelord\" /><psicon type=\"Normal\" /> / <psicon pokemon=\"dashinghammer\" /><psicon type=\"Grass\" /> / <psicon pokemon=\"rotombrass\" /><psicon type=\"Ghost\" /> / <psicon pokemon=\"gligar\" /><psicon type=\"Ground\" /> / <psicon pokemon=\"drifblimhell\" /><psicon type=\"Water\" />\n|teampreview\n|c|☆bajram1892|ok mb\n|c|☆fiendishzealot|gl hf\n|c|☆bajram1892|you too \n|\n|t:|1760816731\n|teamsize|p1|6\n|teamsize|p2|6\n|start\n|switch|p1a: Donphan|Donphan, F|100/100\n|switch|p2a: Klekelord|Klekelord, F|100/100\n|turn|1\n|\n|t:|1760816741\n|move|p2a: Klekelord|Swords Dance|p2a: Klekelord\n|-boost|p2a: Klekelord|atk|2\n|move|p1a: Donphan|Stealth Rock|p2a: Klekelord\n|-sidestart|p2: bajram1892|move: Stealth Rock\n|\n|upkeep\n|turn|2\n|\n|t:|1760816747\n|move|p2a: Klekelord|Aqua Tail|p1a: Donphan\n|-start|p2a: Klekelord|typechange|Water|[from] ability: Protean\n|-supereffective|p1a: Donphan\n|-ability|p1a: Donphan|Sturdy\n|-damage|p1a: Donphan|1/100\n|move|p1a: Donphan|Earthquake|p2a: Klekelord\n|-damage|p2a: Klekelord|45/100\n|-enditem|p2a: Klekelord|Sitrus Berry|[eat]\n|-heal|p2a: Klekelord|70/100|[from] item: Sitrus Berry\n|\n|-heal|p1a: Donphan|7/100|[from] item: Leftovers\n|upkeep\n|turn|3\n|\n|t:|1760816763\n|switch|p1a: Tapu Fini|Tapu Fini|100/100\n|-fieldstart|move: Misty Terrain|[from] ability: Misty Surge|[of] p1a: Tapu Fini\n|move|p2a: Klekelord|Fire Punch|p1a: Tapu Fini\n|-resisted|p1a: Tapu Fini\n|-damage|p1a: Tapu Fini|75/100\n|\n|-heal|p1a: Tapu Fini|82/100|[from] item: Leftovers\n|upkeep\n|turn|4\n|\n|t:|1760816776\n|move|p1a: Tapu Fini|Draining Kiss|p2a: Klekelord\n|-damage|p2a: Klekelord|54/100\n|-heal|p1a: Tapu Fini|94/100|[from] drain|[of] p2a: Klekelord\n|move|p2a: Klekelord|Thunder Punch|p1a: Tapu Fini\n|-supereffective|p1a: Tapu Fini\n|-damage|p1a: Tapu Fini|0 fnt\n|faint|p1a: Tapu Fini\n|\n|upkeep\n|\n|t:|1760816787\n|switch|p1a: Queendra|Queendra, M|100/100\n|turn|5\n|\n|t:|1760816795\n|detailschange|p1a: Queendra|Queendra-Mega, M\n|-mega|p1a: Queendra|Queendra|Queendrite\n|move|p1a: Queendra|Freeze-Dry|p2a: Klekelord\n|-supereffective|p2a: Klekelord\n|-damage|p2a: Klekelord|0 fnt\n|faint|p2a: Klekelord\n|\n|upkeep\n|\n|t:|1760816814\n|switch|p2a: Drifblim-Hell|Drifblim-Hell, M|100/100\n|-damage|p2a: Drifblim-Hell|88/100|[from] Stealth Rock\n|-enditem|p2a: Drifblim-Hell|Misty Seed\n|-boost|p2a: Drifblim-Hell|spd|1|[from] item: Misty Seed\n|turn|6\n|\n|t:|1760816825\n|move|p2a: Drifblim-Hell|Calm Mind|p2a: Drifblim-Hell\n|-boost|p2a: Drifblim-Hell|spa|1\n|-boost|p2a: Drifblim-Hell|spd|1\n|move|p1a: Queendra|Taunt|p2a: Drifblim-Hell\n|-start|p2a: Drifblim-Hell|move: Taunt\n|\n|upkeep\n|turn|7\n|\n|t:|1760816839\n|move|p2a: Drifblim-Hell|Surf|p1a: Queendra\n|-resisted|p1a: Queendra\n|-damage|p1a: Queendra|72/100\n|move|p1a: Queendra|Freeze-Dry|p2a: Drifblim-Hell\n|-supereffective|p2a: Drifblim-Hell\n|-damage|p2a: Drifblim-Hell|54/100\n|\n|-fieldend|Misty Terrain\n|upkeep\n|turn|8\n|\n|t:|1760816848\n|move|p2a: Drifblim-Hell|Sludge Bomb|p1a: Queendra\n|-damage|p1a: Queendra|20/100\n|-status|p1a: Queendra|psn\n|move|p1a: Queendra|Freeze-Dry|p2a: Drifblim-Hell\n|-supereffective|p2a: Drifblim-Hell\n|-damage|p2a: Drifblim-Hell|16/100\n|\n|-damage|p1a: Queendra|8/100 psn|[from] psn\n|upkeep\n|turn|9\n|\n|t:|1760816857\n|switch|p1a: Celesteela|Celesteela|100/100\n|move|p2a: Drifblim-Hell|Surf|p1a: Celesteela\n|-damage|p1a: Celesteela|63/100\n|\n|-end|p2a: Drifblim-Hell|move: Taunt\n|upkeep\n|turn|10\n|\n|t:|1760816875\n|move|p2a: Drifblim-Hell|Strength Sap|p1a: Celesteela\n|-unboost|p1a: Celesteela|atk|1\n|-heal|p2a: Drifblim-Hell|71/100\n|move|p1a: Celesteela|Leech Seed|p2a: Drifblim-Hell\n|-start|p2a: Drifblim-Hell|move: Leech Seed\n|\n|-damage|p2a: Drifblim-Hell|58/100|[from] Leech Seed|[of] p1a: Celesteela\n|-heal|p1a: Celesteela|81/100|[silent]\n|upkeep\n|turn|11\n|j| The_Shawdoin\n|\n|t:|1760816886\n|move|p2a: Drifblim-Hell|Calm Mind|p2a: Drifblim-Hell\n|-boost|p2a: Drifblim-Hell|spa|1\n|-boost|p2a: Drifblim-Hell|spd|1\n|move|p1a: Celesteela|Earthquake|p2a: Drifblim-Hell\n|-supereffective|p2a: Drifblim-Hell\n|-damage|p2a: Drifblim-Hell|30/100\n|\n|-damage|p2a: Drifblim-Hell|18/100|[from] Leech Seed|[of] p1a: Celesteela\n|-heal|p1a: Celesteela|99/100|[silent]\n|upkeep\n|turn|12\n|\n|t:|1760816897\n|move|p2a: Drifblim-Hell|Strength Sap|p1a: Celesteela\n|-unboost|p1a: Celesteela|atk|1\n|-heal|p2a: Drifblim-Hell|54/100\n|move|p1a: Celesteela|Flame Charge|p2a: Drifblim-Hell\n|-resisted|p2a: Drifblim-Hell\n|-damage|p2a: Drifblim-Hell|51/100\n|-boost|p1a: Celesteela|spe|1\n|\n|-damage|p2a: Drifblim-Hell|39/100|[from] Leech Seed|[of] p1a: Celesteela\n|-heal|p1a: Celesteela|100/100|[silent]\n|upkeep\n|turn|13\n|\n|t:|1760816908\n|move|p2a: Drifblim-Hell|Surf|p1a: Celesteela\n|-damage|p1a: Celesteela|51/100\n|move|p1a: Celesteela|Earthquake|p2a: Drifblim-Hell\n|-supereffective|p2a: Drifblim-Hell\n|-damage|p2a: Drifblim-Hell|16/100\n|\n|-damage|p2a: Drifblim-Hell|4/100|[from] Leech Seed|[of] p1a: Celesteela\n|-heal|p1a: Celesteela|69/100|[silent]\n|upkeep\n|turn|14\n|\n|t:|1760816937\n|move|p1a: Celesteela|Protect|p1a: Celesteela\n|-singleturn|p1a: Celesteela|Protect\n|move|p2a: Drifblim-Hell|Surf|p1a: Celesteela\n|-activate|p1a: Celesteela|move: Protect\n|\n|-damage|p2a: Drifblim-Hell|0 fnt|[from] Leech Seed|[of] p1a: Celesteela\n|-heal|p1a: Celesteela|73/100|[silent]\n|faint|p2a: Drifblim-Hell\n|upkeep\n|\n|t:|1760816945\n|switch|p2a: Rotom-Brass|Rotom-Brass, M|100/100\n|-damage|p2a: Rotom-Brass|94/100|[from] Stealth Rock\n|turn|15\n|\n|t:|1760816954\n|move|p1a: Celesteela|Leech Seed|p2a: Rotom-Brass\n|-start|p2a: Rotom-Brass|move: Leech Seed\n|move|p2a: Rotom-Brass|Trick|p1a: Celesteela\n|-activate|p2a: Rotom-Brass|move: Trick|[of] p1a: Celesteela\n|-item|p1a: Celesteela|Lagging Tail|[from] move: Trick\n|-item|p2a: Rotom-Brass|Big Root|[from] move: Trick\n|\n|-damage|p2a: Rotom-Brass|82/100|[from] Leech Seed|[of] p1a: Celesteela\n|-heal|p1a: Celesteela|83/100|[silent]\n|upkeep\n|turn|16\n|\n|t:|1760816976\n|switch|p1a: Donphan|Donphan, F|7/100\n|move|p2a: Rotom-Brass|Will-O-Wisp|p1a: Donphan\n|-status|p1a: Donphan|brn\n|\n|-heal|p1a: Donphan|13/100 brn|[from] item: Leftovers\n|-damage|p2a: Rotom-Brass|69/100|[from] Leech Seed|[of] p1a: Donphan\n|-heal|p1a: Donphan|23/100 brn|[silent]\n|-damage|p1a: Donphan|17/100 brn|[from] brn\n|upkeep\n|turn|17\n|\n|t:|1760816999\n|switch|p1a: Meloetta|Meloetta|100/100\n|move|p2a: Rotom-Brass|Shadow Ball|p1a: Meloetta\n|-immune|p1a: Meloetta\n|\n|-damage|p2a: Rotom-Brass|57/100|[from] Leech Seed|[of] p1a: Meloetta\n|upkeep\n|turn|18\n|\n|t:|1760817013\n|move|p1a: Meloetta|Shadow Ball|p2a: Rotom-Brass\n|-supereffective|p2a: Rotom-Brass\n|-damage|p2a: Rotom-Brass|0 fnt\n|faint|p2a: Rotom-Brass\n|\n|upkeep\n|\n|t:|1760817019\n|switch|p2a: Gligar|Gligar, M|100/100\n|-damage|p2a: Gligar|88/100|[from] Stealth Rock\n|turn|19\n|\n|t:|1760817037\n|move|p1a: Meloetta|Hyper Voice|p2a: Gligar\n|-damage|p2a: Gligar|49/100\n|move|p2a: Gligar|U-turn|p1a: Meloetta\n|-supereffective|p1a: Meloetta\n|-crit|p1a: Meloetta\n|-damage|p1a: Meloetta|57/100\n|\n|t:|1760817046\n|switch|p2a: Altaria-Hell|Altaria-Hell, M|100/100|[from] U-turn\n|-damage|p2a: Altaria-Hell|51/100|[from] Stealth Rock\n|\n|-heal|p1a: Meloetta|63/100|[from] item: Leftovers\n|upkeep\n|turn|20\n|\n|t:|1760817076\n|detailschange|p2a: Altaria-Hell|Altaria-Hell-Mega, M\n|-mega|p2a: Altaria-Hell|Altaria-Hell|Altarite HELL\n|move|p1a: Meloetta|Psyshock|p2a: Altaria-Hell\n|-damage|p2a: Altaria-Hell|3/100\n|move|p2a: Altaria-Hell|Roost|p2a: Altaria-Hell\n|-heal|p2a: Altaria-Hell|53/100\n|-singleturn|p2a: Altaria-Hell|move: Roost\n|\n|-heal|p1a: Meloetta|69/100|[from] item: Leftovers\n|upkeep\n|turn|21\n|\n|t:|1760817085\n|move|p1a: Meloetta|U-turn|p2a: Altaria-Hell\n|-resisted|p2a: Altaria-Hell\n|-damage|p2a: Altaria-Hell|49/100\n|\n|t:|1760817094\n|switch|p1a: Eelektross-Hell|Eelektross-Hell, M|100/100|[from] U-turn\n|move|p2a: Altaria-Hell|Dragon Dance|p2a: Altaria-Hell\n|-boost|p2a: Altaria-Hell|atk|1\n|-boost|p2a: Altaria-Hell|spe|1\n|\n|upkeep\n|turn|22\n|\n|t:|1760817128\n|-terastallize|p1a: Eelektross-Hell|Fire\n|move|p2a: Altaria-Hell|Flare Blitz|p1a: Eelektross-Hell\n|-resisted|p1a: Eelektross-Hell\n|-damage|p1a: Eelektross-Hell|53/100\n|move|p1a: Eelektross-Hell|Discharge|p2a: Altaria-Hell\n|-damage|p2a: Altaria-Hell|22/100\n|-status|p2a: Altaria-Hell|par\n|\n|-damage|p1a: Eelektross-Hell|40/100|[from] item: Black Sludge\n|upkeep\n|turn|23\n|\n|t:|1760817149\n|move|p2a: Altaria-Hell|Roost|p2a: Altaria-Hell\n|-heal|p2a: Altaria-Hell|72/100 par\n|-singleturn|p2a: Altaria-Hell|move: Roost\n|move|p1a: Eelektross-Hell|Discharge|p2a: Altaria-Hell\n|-damage|p2a: Altaria-Hell|44/100 par\n|\n|-damage|p1a: Eelektross-Hell|28/100|[from] item: Black Sludge\n|upkeep\n|turn|24\n|\n|t:|1760817159\n|switch|p1a: Queendra|Queendra-Mega, M|8/100 psn\n|move|p2a: Altaria-Hell|Dragon Dance|p2a: Altaria-Hell\n|-boost|p2a: Altaria-Hell|atk|1\n|-boost|p2a: Altaria-Hell|spe|1\n|\n|-damage|p1a: Queendra|0 fnt|[from] psn\n|faint|p1a: Queendra\n|detailschange|p1: Queendra|Queendra, M|[silent]\n|upkeep\n|c| The_Shawdoin|black sludge on a tera pokemon\n|c| The_Shawdoin|very interesting\n|\n|t:|1760817169\n|switch|p1a: Donphan|Donphan, F|17/100 brn\n|turn|25\n|\n|t:|1760817173\n|move|p2a: Altaria-Hell|Flare Blitz|p1a: Donphan\n|-crit|p1a: Donphan\n|-damage|p1a: Donphan|0 fnt\n|faint|p1a: Donphan\n|\n|upkeep\n|\n|t:|1760817180\n|switch|p1a: Meloetta|Meloetta|69/100\n|turn|26\n|\n|t:|1760817184\n|move|p1a: Meloetta|Psyshock|p2a: Altaria-Hell\n|-damage|p2a: Altaria-Hell|0 fnt\n|faint|p2a: Altaria-Hell\n|detailschange|p2: Altaria-Hell|Altaria-Hell, M|[silent]\n|\n|-heal|p1a: Meloetta|75/100|[from] item: Leftovers\n|upkeep\n|\n|t:|1760817185\n|switch|p2a: Dashing Hammer|Dashing Hammer, F, shiny|100/100\n|-damage|p2a: Dashing Hammer|88/100|[from] Stealth Rock\n|-enditem|p2a: Dashing Hammer|Booster Energy\n|-activate|p2a: Dashing Hammer|ability: Protosynthesis|[fromitem]\n|-start|p2a: Dashing Hammer|protosynthesisspe\n|turn|27\n|\n|t:|1760817195\n|-terastallize|p2a: Dashing Hammer|Grass\n|move|p2a: Dashing Hammer|Swords Dance|p2a: Dashing Hammer\n|-boost|p2a: Dashing Hammer|atk|2\n|move|p1a: Meloetta|Shadow Ball|p2a: Dashing Hammer\n|-damage|p2a: Dashing Hammer|55/100\n|\n|-heal|p1a: Meloetta|82/100|[from] item: Leftovers\n|upkeep\n|turn|28\n|\n|t:|1760817205\n|move|p2a: Dashing Hammer|Head Smash|p1a: Meloetta|[miss]\n|-miss|p2a: Dashing Hammer|p1a: Meloetta\n|move|p1a: Meloetta|U-turn|p2a: Dashing Hammer\n|-supereffective|p2a: Dashing Hammer\n|-damage|p2a: Dashing Hammer|32/100\n|c|☆fiendishzealot|sorry\n|\n|t:|1760817211\n|switch|p1a: Celesteela|Celesteela|83/100|[from] U-turn\n|\n|upkeep\n|turn|29\n|c|☆bajram1892|this mon hates my guts \n|c|☆bajram1892|lmfaoo\n|\n|t:|1760817222\n|move|p2a: Dashing Hammer|Head Smash|p1a: Celesteela\n|-damage|p1a: Celesteela|0 fnt\n|faint|p1a: Celesteela\n|-damage|p2a: Dashing Hammer|0 fnt|[from] Recoil\n|faint|p2a: Dashing Hammer\n|-end|p2a: Dashing Hammer|Protosynthesis|[silent]\n|\n|upkeep\n|c|☆bajram1892|gg\n|\n|t:|1760817228\n|switch|p2a: Gligar|Gligar, M|49/100\n|switch|p1a: Meloetta|Meloetta|82/100\n|-damage|p2a: Gligar|37/100|[from] Stealth Rock\n|turn|30\n|c|☆bajram1892|wp!\n|l| The_Shawdoin\n|\n|t:|1760817240\n|move|p1a: Meloetta|Hyper Voice|p2a: Gligar\n|-damage|p2a: Gligar|0 fnt\n|faint|p2a: Gligar\n|\n|win|fiendishzealot\n|c|☆fiendishzealot|ggs\n","players":["fiendishzealot","bajram1892"],"format":"[Gen 9] NatDex Draft","rating":null,"private":0,"password":null,"inputlog":">version 266cd7969f11373d44307dd452d2e51e08c39070\n>start {\"formatid\":\"gen9natdexdraft@@@Tera Type Preview\",\"seed\":\"sodium,6dd6954fef2ce3a5624b043e39cda79d\"}\n>player p1 {\"name\":\"fiendishzealot\",\"avatar\":\"102\",\"team\":\"Queendra||Queendrite|SlushRush|SnipeShot,ShadowBall,FreezeDry,Taunt|Timid|16,,,252,,240|M|,0,,,,|||,,,,,Ice]Celesteela||BigRoot|BeastBoost|LeechSeed,FlameCharge,Earthquake,Protect|Impish|252,4,252,,,|N||||,,,,,Water]Eelektross-Hell||BlackSludge|Levitate|Flamethrower,KnockOff,Spikes,Discharge|Modest|196,,156,,156,|M||||,,,,,Fire]Donphan||Leftovers|Sturdy|Earthquake,IceSpinner,RapidSpin,StealthRock|Impish|176,96,228,,8,|F||||,,,,,Ground]Tapu Fini||Leftovers|MistySurge|CalmMind,StoredPower,DrainingKiss,ShadowBall|Timid|100,,,156,,252|N|,0,,,,|||,,,,,Water]Meloetta||Leftovers|SereneGrace|HyperVoice,ShadowBall,Uturn,Psyshock|Timid|120,,,172,,216|N||||,,,,,Normal\",\"rating\":0}\n>player p2 {\"name\":\"bajram1892\",\"avatar\":\"170\",\"team\":\"Altaria-Hell||AltariteHELL|NaturalCure|DragonDance,PlayRough,FlareBlitz,Roost|Adamant|16,252,,,,240|M||||,,,,,Fire]Klekelord||SitrusBerry|Protean|SwordsDance,FirePunch,ThunderPunch,AquaTail|Adamant|160,252,4,,,92|F||||,,,,,Normal]Dashing Hammer||BoosterEnergy|Protosynthesis|TeraBlast,HeadSmash,SwordsDance,Earthquake|Jolly|120,132,4,,,252|F||S||,,,,,Grass]Rotom-Brass||LaggingTail|Levitate|WillOWisp,PainSplit,ShadowBall,Trick|Bold|252,,252,,4,|M|,0,,,,|||,,,,,Ghost]Gligar||Eviolite|Immunity|Earthquake,Uturn,Roost,StealthRock|Impish|248,,252,,8,|M||||,,,,,Ground]Drifblim-Hell||MistySeed|Unburden|CalmMind,StrengthSap,SludgeBomb,Surf|Bold|,,252,,120,136|M|,0,,,,|||,,,,,Water\",\"rating\":0}\n>chat ☆bajram1892|ok mb\n>chat ☆fiendishzealot|gl hf\n>chat ☆bajram1892|you too \n>p1 team 4, 2, 3, 1, 5, 6\n>p2 team 2, 1, 3, 4, 5, 6\n>p1 move stealthrock\n>p2 move swordsdance\n>p1 move earthquake\n>p2 move aquatail\n>p1 switch 5\n>p2 move firepunch\n>p1 move drainingkiss\n>p2 move thunderpunch\n>p1 switch 4\n>p1 move freezedry mega\n>p2 move firepunch\n>p2 switch 6\n>p1 move taunt\n>p2 move calmmind\n>p1 move freezedry\n>p2 move surf\n>p1 move freezedry\n>p2 move sludgebomb\n>p1 switch 2\n>p2 move surf\n>p1 move leechseed\n>p2 move strengthsap\n>p1 move earthquake\n>p2 move calmmind\n>p1 move flamecharge\n>p2 move strengthsap\n>p1 move earthquake\n>p2 move surf\n>p1 move protect\n>p2 move surf\n>p2 switch 4\n>p1 move leechseed\n>p2 move trick\n>p1 switch 5\n>p2 move willowisp\n>p1 switch 6\n>p2 move shadowball\n>p1 move shadowball\n>p2 move painsplit\n>p2 switch 5\n>p1 move hypervoice\n>p2 move uturn\n>p2 switch 2\n>p1 move psyshock\n>p2 move roost mega\n>p1 move uturn\n>p2 move dragondance\n>p1 switch 3\n>p1 move discharge terastallize\n>p2 move flareblitz\n>p1 move discharge\n>p2 move roost\n>p1 switch 2\n>p2 move dragondance\n>chat  The_Shawdoin|black sludge on a tera pokemon\n>chat  The_Shawdoin|very interesting\n>p1 switch 6\n>p1 move earthquake\n>p2 move flareblitz\n>p1 switch 3\n>p1 move psyshock\n>p2 move roost\n>p2 switch 3\n>p1 move shadowball\n>p2 move swordsdance terastallize\n>p1 move uturn\n>p2 move headsmash\n>chat ☆fiendishzealot|sorry\n>p1 switch 5\n>chat ☆bajram1892|this mon hates my guts \n>chat ☆bajram1892|lmfaoo\n>p1 move flamecharge\n>p2 move headsmash\n>chat ☆bajram1892|gg\n>p1 switch 5\n>p2 switch 2\n>chat ☆bajram1892|wp!\n>p1 move hypervoice\n>p2 move roost","uploadtime":1760817251}