{"id":"gen9natdexdraft-272","log":"|j|☆Kjflame013\n|j|☆NottaDoc\n|t:|1762725374\n|gametype|singles\n|player|p1|Kjflame013|ghetsis|\n|player|p2|NottaDoc|169|\n|gen|9\n|tier|[Gen 9] NatDex Draft\n|rule|Tera Type Preview: Tera Types are shown at Team Preview\n|rule|Sleep Clause Mod: Limit one foe put to sleep\n|rule|OHKO Clause: OHKO moves are banned\n|rule|Evasion Clause: Evasion abilities, items, and moves are banned\n|rule|Evasion Abilities Clause: Evasion abilities are banned\n|rule|Evasion Items Clause: Evasion items are banned\n|rule|Evasion Moves Clause: Evasion moves are banned\n|rule|Endless Battle Clause: Forcing endless battles is banned\n|rule|HP Percentage Mod: HP is shown in percentages\n|raw|<div class=\"infobox\"><details class=\"readmore\" open><summary><strong>1 custom rule:</strong></summary> Tera Type Preview</details></div>\n|clearpoke\n|poke|p1|Jolteon-Prime, M|\n|poke|p1|Corviknight-Prime, F|\n|poke|p1|Venusaur, M|\n|poke|p1|Arcanine, M|\n|poke|p1|Avalugg, M|\n|poke|p1|Urshifu-*, M|\n|poke|p2|Typhlosion-Prime, M|\n|poke|p2|Zeraora|\n|poke|p2|Vaporeon, F|\n|poke|p2|Vileplume-Prime, M|\n|poke|p2|Landorus-Therian, M|\n|poke|p2|Gholdengo|\n|raw|Kjflame013's Tera Types:<br /><psicon pokemon=\"jolteonprime\" /><psicon type=\"Electric\" /> / <psicon pokemon=\"corviknightprime\" /><psicon type=\"Flying\" /> / <psicon pokemon=\"venusaur\" /><psicon type=\"Grass\" /> / <psicon pokemon=\"arcanine\" /><psicon type=\"Fire\" /> / <psicon pokemon=\"avalugg\" /><psicon type=\"Poison\" /> / <psicon pokemon=\"urshifu\" /><psicon type=\"Dark\" />\n|raw|NottaDoc's Tera Types:<br /><psicon pokemon=\"typhlosionprime\" /><psicon type=\"Fire\" /> / <psicon pokemon=\"zeraora\" /><psicon type=\"Ghost\" /> / <psicon pokemon=\"vaporeon\" /><psicon type=\"Water\" /> / <psicon pokemon=\"vileplumeprime\" /><psicon type=\"Grass\" /> / <psicon pokemon=\"landorustherian\" /><psicon type=\"Ground\" /> / <psicon pokemon=\"gholdengo\" /><psicon type=\"Steel\" />\n|teampreview\n|c|☆NottaDoc|glhf\n|l|☆Kjflame013\n|player|p1|\n|j|~SparksTheNeo\n|j|☆Kjflame013\n|player|p1|Kjflame013|ghetsis|\n|c|☆Kjflame013|Glhf\n|\n|t:|1762725499\n|teamsize|p1|6\n|teamsize|p2|6\n|start\n|switch|p1a: Urshifu|Urshifu, M|100/100\n|switch|p2a: Landorus|Landorus-Therian, M|100/100\n|-ability|p2a: Landorus|Intimidate|boost\n|-unboost|p1a: Urshifu|atk|1\n|turn|1\n|\n|t:|1762725529\n|switch|p1a: Corviknight-Prime|Corviknight-Prime, F|100/100\n|move|p2a: Landorus|Knock Off|p1a: Corviknight-Prime\n|-crit|p1a: Corviknight-Prime\n|-damage|p1a: Corviknight-Prime|63/100\n|-damage|p2a: Landorus|88/100|[from] ability: Iron Barbs|[of] p1a: Corviknight-Prime\n|-enditem|p1a: Corviknight-Prime|Chesto Berry|[from] move: Knock Off|[of] p2a: Landorus\n|\n|upkeep\n|turn|2\n|c|~SparksTheNeo|jesus\n|c|~SparksTheNeo|that damage\n|c|☆NottaDoc|resto chesto demon\n|\n|t:|1762725570\n|move|p2a: Landorus|Stealth Rock|p1a: Corviknight-Prime\n|-sidestart|p1: Kjflame013|move: Stealth Rock\n|move|p1a: Corviknight-Prime|Bulk Up|p1a: Corviknight-Prime\n|-boost|p1a: Corviknight-Prime|atk|1\n|-boost|p1a: Corviknight-Prime|def|1\n|\n|upkeep\n|turn|3\n|\n|t:|1762725575\n|move|p2a: Landorus|U-turn|p1a: Corviknight-Prime\n|-resisted|p1a: Corviknight-Prime\n|-damage|p1a: Corviknight-Prime|60/100\n|-damage|p2a: Landorus|76/100|[from] ability: Iron Barbs|[of] p1a: Corviknight-Prime\n|\n|t:|1762725577\n|switch|p2a: Gholdengo|Gholdengo|100/100|[from] U-turn\n|move|p1a: Corviknight-Prime|Brave Bird|p2a: Gholdengo\n|-resisted|p2a: Gholdengo\n|-damage|p2a: Gholdengo|50/100\n|-damage|p1a: Corviknight-Prime|46/100|[from] Recoil\n|\n|upkeep\n|turn|4\n|\n|t:|1762725589\n|move|p2a: Gholdengo|Thunderbolt|p1a: Corviknight-Prime\n|-supereffective|p1a: Corviknight-Prime\n|-damage|p1a: Corviknight-Prime|0 fnt\n|faint|p1a: Corviknight-Prime\n|\n|upkeep\n|\n|t:|1762725593\n|switch|p1a: Jolteon-Prime|Jolteon-Prime, M|100/100\n|-damage|p1a: Jolteon-Prime|88/100|[from] Stealth Rock\n|turn|5\n|\n|t:|1762725596\n|switch|p2a: Zeraora|Zeraora|100/100\n|move|p1a: Jolteon-Prime|Shadow Ball|p2a: Zeraora\n|-damage|p2a: Zeraora|69/100\n|-unboost|p2a: Zeraora|spd|1\n|\n|-status|p1a: Jolteon-Prime|brn|[from] item: Flame Orb\n|upkeep\n|turn|6\n|\n|t:|1762725630\n|move|p1a: Jolteon-Prime|Boomburst|p2a: Zeraora\n|-damage|p2a: Zeraora|0 fnt\n|faint|p2a: Zeraora\n|\n|-damage|p1a: Jolteon-Prime|82/100 brn|[from] brn\n|upkeep\n|\n|t:|1762725677\n|switch|p2a: Vileplume-Prime|Vileplume-Prime, M|100/100\n|turn|7\n|\n|t:|1762725693\n|move|p1a: Jolteon-Prime|Boomburst|p2a: Vileplume-Prime\n|-damage|p2a: Vileplume-Prime|60/100\n|move|p2a: Vileplume-Prime|Fiery Dance|p1a: Jolteon-Prime\n|-damage|p1a: Jolteon-Prime|64/100 brn\n|-boost|p2a: Vileplume-Prime|spa|1\n|\n|-heal|p2a: Vileplume-Prime|66/100|[from] item: Black Sludge\n|-damage|p1a: Jolteon-Prime|58/100 brn|[from] brn\n|upkeep\n|turn|8\n|\n|t:|1762725708\n|switch|p1a: Arcanine|Arcanine, M|100/100\n|move|p2a: Vileplume-Prime|Fiery Dance|p1a: Arcanine\n|-start|p1a: Arcanine|ability: Flash Fire\n|\n|-heal|p2a: Vileplume-Prime|73/100|[from] item: Black Sludge\n|upkeep\n|turn|9\n|\n|t:|1762725717\n|switch|p2a: Landorus|Landorus-Therian, M|76/100\n|-ability|p2a: Landorus|Intimidate|boost\n|-unboost|p1a: Arcanine|atk|1\n|move|p1a: Arcanine|Flamethrower|p2a: Landorus\n|-damage|p2a: Landorus|15/100\n|-status|p2a: Landorus|brn\n|\n|-damage|p2a: Landorus|9/100 brn|[from] brn\n|upkeep\n|turn|10\n|c|☆NottaDoc|rude\n|\n|t:|1762725741\n|move|p1a: Arcanine|Flamethrower|p2a: Landorus\n|-damage|p2a: Landorus|0 fnt\n|faint|p2a: Landorus\n|\n|upkeep\n|\n|t:|1762725745\n|switch|p2a: Vaporeon|Vaporeon, F|100/100\n|turn|11\n|\n|t:|1762725754\n|move|p1a: Arcanine|Toxic|p2a: Vaporeon\n|-status|p2a: Vaporeon|tox\n|move|p2a: Vaporeon|Flip Turn|p1a: Arcanine\n|-supereffective|p1a: Arcanine\n|-damage|p1a: Arcanine|64/100\n|\n|t:|1762725761\n|switch|p2a: Typhlosion-Prime|Typhlosion-Prime, M|100/100|[from] Flip Turn\n|-weather|SunnyDay|[from] ability: Drought|[of] p2a: Typhlosion-Prime\n|\n|-weather|SunnyDay|[upkeep]\n|upkeep\n|turn|12\n|\n|t:|1762725798\n|-end|p1a: Arcanine|ability: Flash Fire|[silent]\n|switch|p1a: Venusaur|Venusaur, M|100/100\n|-damage|p1a: Venusaur|88/100|[from] Stealth Rock\n|move|p2a: Typhlosion-Prime|Substitute|p2a: Typhlosion-Prime\n|-start|p2a: Typhlosion-Prime|Substitute\n|-damage|p2a: Typhlosion-Prime|76/100\n|\n|-weather|SunnyDay|[upkeep]\n|-heal|p2a: Typhlosion-Prime|82/100|[from] item: Leftovers\n|upkeep\n|turn|13\n|\n|t:|1762725804\n|detailschange|p1a: Venusaur|Venusaur-Mega, M\n|-mega|p1a: Venusaur|Venusaur|Venusaurite\n|move|p2a: Typhlosion-Prime|Fiery Dance|p1a: Venusaur\n|-supereffective|p1a: Venusaur\n|-damage|p1a: Venusaur|45/100\n|move|p1a: Venusaur|Earth Power|p2a: Typhlosion-Prime\n|-supereffective|p2a: Typhlosion-Prime\n|-end|p2a: Typhlosion-Prime|Substitute\n|\n|-weather|SunnyDay|[upkeep]\n|-heal|p2a: Typhlosion-Prime|88/100|[from] item: Leftovers\n|upkeep\n|turn|14\n|\n|t:|1762725863\n|switch|p2a: Gholdengo|Gholdengo|50/100\n|move|p1a: Venusaur|Synthesis|p1a: Venusaur\n|-heal|p1a: Venusaur|100/100\n|\n|-weather|SunnyDay|[upkeep]\n|upkeep\n|turn|15\n|\n|t:|1762725869\n|move|p2a: Gholdengo|Make It Rain|p1a: Venusaur\n|-damage|p1a: Venusaur|56/100\n|-unboost|p2a: Gholdengo|spa|1\n|move|p1a: Venusaur|Earth Power|p2a: Gholdengo\n|-supereffective|p2a: Gholdengo\n|-damage|p2a: Gholdengo|0 fnt\n|faint|p2a: Gholdengo\n|\n|-weather|none\n|upkeep\n|\n|t:|1762725893\n|switch|p2a: Vileplume-Prime|Vileplume-Prime, M|73/100\n|turn|16\n|\n|t:|1762725910\n|move|p1a: Venusaur|Growth|p1a: Venusaur\n|-boost|p1a: Venusaur|atk|1\n|-boost|p1a: Venusaur|spa|1\n|move|p2a: Vileplume-Prime|Spore|p1a: Venusaur\n|-immune|p1a: Venusaur\n|\n|-heal|p2a: Vileplume-Prime|79/100|[from] item: Black Sludge\n|upkeep\n|turn|17\n|\n|t:|1762725919\n|move|p1a: Venusaur|Growth|p1a: Venusaur\n|-boost|p1a: Venusaur|atk|1\n|-boost|p1a: Venusaur|spa|1\n|move|p2a: Vileplume-Prime|Fiery Dance|p1a: Venusaur\n|-supereffective|p1a: Venusaur\n|-damage|p1a: Venusaur|41/100\n|-boost|p2a: Vileplume-Prime|spa|1\n|\n|-heal|p2a: Vileplume-Prime|85/100|[from] item: Black Sludge\n|upkeep\n|turn|18\n|\n|t:|1762725926\n|move|p1a: Venusaur|Sludge Bomb|p2a: Vileplume-Prime\n|-damage|p2a: Vileplume-Prime|24/100\n|move|p2a: Vileplume-Prime|Fiery Dance|p1a: Venusaur\n|-supereffective|p1a: Venusaur\n|-damage|p1a: Venusaur|19/100\n|-boost|p2a: Vileplume-Prime|spa|1\n|\n|-heal|p2a: Vileplume-Prime|30/100|[from] item: Black Sludge\n|upkeep\n|turn|19\n|\n|t:|1762725944\n|switch|p2a: Vaporeon|Vaporeon, F|100/100 tox\n|move|p1a: Venusaur|Synthesis|p1a: Venusaur\n|-heal|p1a: Venusaur|69/100\n|\n|-damage|p2a: Vaporeon|94/100 tox|[from] psn\n|upkeep\n|turn|20\n|\n|t:|1762725952\n|move|p1a: Venusaur|Sludge Bomb|p2a: Vaporeon\n|-damage|p2a: Vaporeon|39/100 tox\n|move|p2a: Vaporeon|Yawn|p1a: Venusaur\n|-start|p1a: Venusaur|move: Yawn|[of] p2a: Vaporeon\n|\n|-heal|p2a: Vaporeon|45/100 tox|[from] item: Leftovers\n|-damage|p2a: Vaporeon|33/100 tox|[from] psn\n|upkeep\n|turn|21\n|\n|t:|1762725968\n|switch|p1a: Jolteon-Prime|Jolteon-Prime, M|58/100 brn\n|-damage|p1a: Jolteon-Prime|46/100 brn|[from] Stealth Rock\n|move|p2a: Vaporeon|Flip Turn|p1a: Jolteon-Prime\n|-damage|p1a: Jolteon-Prime|32/100 brn\n|\n|t:|1762725974\n|switch|p2a: Vileplume-Prime|Vileplume-Prime, M|30/100|[from] Flip Turn\n|\n|-heal|p2a: Vileplume-Prime|36/100|[from] item: Black Sludge\n|-damage|p1a: Jolteon-Prime|25/100 brn|[from] brn\n|upkeep\n|turn|22\n|\n|t:|1762725980\n|move|p2a: Vileplume-Prime|Strength Sap|p1a: Jolteon-Prime\n|-unboost|p1a: Jolteon-Prime|atk|1\n|-heal|p2a: Vileplume-Prime|76/100\n|move|p1a: Jolteon-Prime|Boomburst|p2a: Vileplume-Prime\n|-damage|p2a: Vileplume-Prime|34/100\n|\n|-heal|p2a: Vileplume-Prime|40/100|[from] item: Black Sludge\n|-damage|p1a: Jolteon-Prime|19/100 brn|[from] brn\n|upkeep\n|turn|23\n|\n|t:|1762725992\n|move|p2a: Vileplume-Prime|Giga Drain|p1a: Jolteon-Prime\n|-damage|p1a: Jolteon-Prime|0 fnt\n|-heal|p2a: Vileplume-Prime|49/100|[from] drain|[of] p1a: Jolteon-Prime\n|faint|p1a: Jolteon-Prime\n|\n|-heal|p2a: Vileplume-Prime|55/100|[from] item: Black Sludge\n|upkeep\n|\n|t:|1762726006\n|switch|p1a: Arcanine|Arcanine, M|64/100\n|turn|24\n|\n|t:|1762726034\n|switch|p2a: Vaporeon|Vaporeon, F|33/100 tox\n|move|p1a: Arcanine|Flamethrower|p2a: Vaporeon\n|-resisted|p2a: Vaporeon\n|-damage|p2a: Vaporeon|17/100 tox\n|\n|-heal|p2a: Vaporeon|24/100 tox|[from] item: Leftovers\n|-damage|p2a: Vaporeon|17/100 tox|[from] psn\n|upkeep\n|turn|25\n|\n|t:|1762726059\n|move|p1a: Arcanine|Morning Sun|p1a: Arcanine\n|-heal|p1a: Arcanine|100/100\n|move|p2a: Vaporeon|Yawn|p1a: Arcanine\n|-start|p1a: Arcanine|move: Yawn|[of] p2a: Vaporeon\n|\n|-heal|p2a: Vaporeon|24/100 tox|[from] item: Leftovers\n|-damage|p2a: Vaporeon|11/100 tox|[from] psn\n|upkeep\n|turn|26\n|\n|t:|1762726070\n|switch|p1a: Venusaur|Venusaur-Mega, M|69/100\n|-damage|p1a: Venusaur|57/100|[from] Stealth Rock\n|move|p2a: Vaporeon|Flip Turn|p1a: Venusaur\n|-resisted|p1a: Venusaur\n|-damage|p1a: Venusaur|52/100\n|\n|t:|1762726077\n|switch|p2a: Typhlosion-Prime|Typhlosion-Prime, M|88/100|[from] Flip Turn\n|-weather|SunnyDay|[from] ability: Drought|[of] p2a: Typhlosion-Prime\n|\n|-weather|SunnyDay|[upkeep]\n|-heal|p2a: Typhlosion-Prime|94/100|[from] item: Leftovers\n|upkeep\n|turn|27\n|\n|t:|1762726087\n|move|p2a: Typhlosion-Prime|Fiery Dance|p1a: Venusaur\n|-supereffective|p1a: Venusaur\n|-damage|p1a: Venusaur|8/100\n|-boost|p2a: Typhlosion-Prime|spa|1\n|move|p1a: Venusaur|Earth Power|p2a: Typhlosion-Prime\n|-supereffective|p2a: Typhlosion-Prime\n|-damage|p2a: Typhlosion-Prime|48/100\n|\n|-weather|SunnyDay|[upkeep]\n|-heal|p2a: Typhlosion-Prime|54/100|[from] item: Leftovers\n|upkeep\n|turn|28\n|\n|t:|1762726094\n|move|p2a: Typhlosion-Prime|Fiery Dance|p1a: Venusaur\n|-supereffective|p1a: Venusaur\n|-damage|p1a: Venusaur|0 fnt\n|-boost|p2a: Typhlosion-Prime|spa|1\n|faint|p1a: Venusaur\n|detailschange|p1: Venusaur|Venusaur, M|[silent]\n|\n|-weather|SunnyDay|[upkeep]\n|-heal|p2a: Typhlosion-Prime|60/100|[from] item: Leftovers\n|upkeep\n|\n|t:|1762726096\n|switch|p1a: Avalugg|Avalugg, M|100/100\n|turn|29\n|\n|t:|1762726131\n|move|p2a: Typhlosion-Prime|Fiery Dance|p1a: Avalugg\n|-supereffective|p1a: Avalugg\n|-ability|p1a: Avalugg|Sturdy\n|-damage|p1a: Avalugg|1/100\n|move|p1a: Avalugg|Rapid Spin|p2a: Typhlosion-Prime\n|-damage|p2a: Typhlosion-Prime|47/100\n|-boost|p1a: Avalugg|spe|1\n|-sideend|p1: Kjflame013|Stealth Rock|[from] move: Rapid Spin|[of] p1a: Avalugg\n|\n|-weather|SunnyDay|[upkeep]\n|-heal|p2a: Typhlosion-Prime|54/100|[from] item: Leftovers\n|upkeep\n|turn|30\n|\n|t:|1762726140\n|move|p2a: Typhlosion-Prime|Fiery Dance|p1a: Avalugg\n|-supereffective|p1a: Avalugg\n|-damage|p1a: Avalugg|0 fnt\n|faint|p1a: Avalugg\n|\n|-weather|none\n|-heal|p2a: Typhlosion-Prime|60/100|[from] item: Leftovers\n|upkeep\n|\n|t:|1762726142\n|switch|p1a: Urshifu|Urshifu, M|100/100\n|turn|31\n|\n|t:|1762726157\n|switch|p2a: Vaporeon|Vaporeon, F|11/100 tox\n|switch|p1a: Arcanine|Arcanine, M|100/100\n|\n|-heal|p2a: Vaporeon|17/100 tox|[from] item: Leftovers\n|-damage|p2a: Vaporeon|11/100 tox|[from] psn\n|upkeep\n|turn|32\n|\n|t:|1762726167\n|move|p1a: Arcanine|Flamethrower|p2a: Vaporeon\n|-resisted|p2a: Vaporeon\n|-damage|p2a: Vaporeon|0 fnt\n|faint|p2a: Vaporeon\n|\n|upkeep\n|\n|t:|1762726169\n|switch|p2a: Typhlosion-Prime|Typhlosion-Prime, M|60/100\n|-weather|SunnyDay|[from] ability: Drought|[of] p2a: Typhlosion-Prime\n|turn|33\n|\n|t:|1762726173\n|move|p2a: Typhlosion-Prime|Substitute|p2a: Typhlosion-Prime\n|-start|p2a: Typhlosion-Prime|Substitute\n|-damage|p2a: Typhlosion-Prime|35/100\n|move|p1a: Arcanine|Scorching Sands|p2a: Typhlosion-Prime\n|-supereffective|p2a: Typhlosion-Prime\n|-end|p2a: Typhlosion-Prime|Substitute\n|\n|-weather|SunnyDay|[upkeep]\n|-heal|p2a: Typhlosion-Prime|41/100|[from] item: Leftovers\n|upkeep\n|turn|34\n|\n|t:|1762726183\n|move|p2a: Typhlosion-Prime|Earth Power|p1a: Arcanine\n|-supereffective|p1a: Arcanine\n|-crit|p1a: Arcanine\n|-damage|p1a: Arcanine|0 fnt\n|faint|p1a: Arcanine\n|\n|-weather|SunnyDay|[upkeep]\n|-heal|p2a: Typhlosion-Prime|47/100|[from] item: Leftovers\n|upkeep\n|\n|t:|1762726186\n|switch|p1a: Urshifu|Urshifu, M|100/100\n|turn|35\n|\n|t:|1762726192\n|-terastallize|p1a: Urshifu|Dark\n|move|p2a: Typhlosion-Prime|Fiery Dance|p1a: Urshifu\n|-damage|p1a: Urshifu|0 fnt\n|-boost|p2a: Typhlosion-Prime|spa|1\n|faint|p1a: Urshifu\n|\n|win|NottaDoc\n|c|☆Kjflame013|Gg\n|c|☆NottaDoc|sorry for crit\n|c|☆NottaDoc|ggs\n","players":["Kjflame013","NottaDoc"],"format":"[Gen 9] NatDex Draft","rating":null,"private":0,"password":null,"inputlog":">version 86b94027df729f8311ea614aef867a7d6d91e655\n>start {\"formatid\":\"gen9natdexdraft@@@Tera Type Preview\",\"seed\":\"sodium,0a81329fcefbaead3ffcf76135b84ebd\"}\n>player p1 {\"name\":\"Kjflame013\",\"avatar\":\"ghetsis\",\"team\":\"Jolteon-Prime||FlameOrb|QuickFeet|Thunderbolt,Boomburst,ShadowBall,HiddenPowerIce|Modest|252,,4,252,,|M|,0,,,,|||,Ice,,,,Electric]Corviknight-Prime||ChestoBerry|IronBarbs|BraveBird,Rest,BehemothBash,BulkUp|Adamant|,252,4,,252,|F||||,,,,,Flying]Venusaur||Venusaurite|Overgrow|SludgeBomb,EarthPower,Synthesis,Growth|Calm|236,,96,,176,|M|,0,,,,|||,,,,,Grass]Arcanine||HeavyDutyBoots|FlashFire|ScorchingSands,Flamethrower,Toxic,MorningSun|Timid|,,,252,4,252|M|,0,,,,|||,,,,,Fire]Avalugg||HeavyDutyBoots|Sturdy|Avalanche,MirrorCoat,Recover,RapidSpin|Careful|248,8,,,252,|M||||,,,,,Poison]Urshifu||ChoiceBand|UnseenFist|WickedBlow,CloseCombat,PoisonJab,Uturn|Jolly|,252,,,4,252|M||||,,,,,Dark\",\"rating\":0}\n>player p2 {\"name\":\"NottaDoc\",\"avatar\":\"169\",\"team\":\"Typhlosion-Prime||Leftovers|Drought|Substitute,EarthPower,FieryDance,SolarBeam|Modest|,,,252,4,252|M|,0,,,,|||,,,,,Fire]Zeraora||SitrusBerry|VoltAbsorb|Acrobatics,PlasmaFists,DrainPunch,BulkUp|Adamant|252,220,,,,36|N||||,,,,,Ghost]Vaporeon||Leftovers|WaterAbsorb|Scald,Yawn,Wish,FlipTurn|Bold|252,,252,4,,|F||||,,,,,Water]Vileplume-Prime||BlackSludge|Triage|StrengthSap,Spore,FieryDance,GigaDrain|Bold|252,,252,,,|M|,0,,,,|||,,,,,Grass]Landorus|LandorusTherian|RockyHelmet|Intimidate|Earthquake,KnockOff,StealthRock,Uturn|Impish|252,,252,,,|M||||,,,,,Ground]Gholdengo||ChoiceScarf|GoodasGold|MakeItRain,ShadowBall,Thunderbolt,Trick|Timid|,,,252,4,252|N|,0,,,,|||,,,,,Steel\",\"rating\":0}\n>chat ☆NottaDoc|glhf\n>chat ☆Kjflame013|Glhf\n>p1 team 6, 2, 3, 4, 5, 1\n>p2 team 5, 2, 3, 4, 1, 6\n>p1 switch 2\n>p2 move knockoff\n>chat ~SparksTheNeo|jesus\n>chat ~SparksTheNeo|that damage\n>chat ☆NottaDoc|resto chesto demon\n>p1 move bulkup\n>p2 move stealthrock\n>p1 move bravebird\n>p2 move uturn\n>p2 switch 6\n>p1 move bravebird\n>p2 move thunderbolt\n>p1 switch 6\n>p1 move shadowball\n>p2 switch 2\n>p1 move boomburst\n>p2 move drainpunch\n>p2 switch 4\n>p1 move boomburst\n>p2 move fierydance\n>p1 switch 4\n>p2 move fierydance\n>p1 move flamethrower\n>p2 switch 6\n>chat ☆NottaDoc|rude\n>p1 move flamethrower\n>p2 move knockoff\n>p2 switch 3\n>p1 move toxic\n>p2 move flipturn\n>p2 switch 5\n>p1 switch 3\n>p2 move substitute\n>p1 move earthpower mega\n>p2 move fierydance\n>p1 move synthesis\n>p2 switch 2\n>p1 move earthpower\n>p2 move makeitrain\n>p2 switch 6\n>p1 move growth\n>p2 move spore\n>p1 move growth\n>p2 move fierydance\n>p1 move sludgebomb\n>p2 move fierydance\n>p1 move synthesis\n>p2 switch 5\n>p1 move sludgebomb\n>p2 move yawn\n>p1 switch 4\n>p2 move flipturn\n>p2 switch 5\n>p1 move boomburst\n>p2 move strengthsap\n>p1 move boomburst\n>p2 move gigadrain\n>p1 switch 3\n>p1 move flamethrower\n>p2 switch 5\n>p1 move morningsun\n>p2 move yawn\n>p1 switch 4\n>p2 move flipturn\n>p2 switch 2\n>p1 move earthpower\n>p2 move fierydance\n>p1 move earthpower\n>p2 move fierydance\n>p1 switch 5\n>p1 move rapidspin\n>p2 move fierydance\n>p1 move rapidspin\n>p2 move fierydance\n>p1 switch 2\n>p1 switch 4\n>p2 switch 2\n>p1 move flamethrower\n>p2 move yawn\n>p2 switch 2\n>p1 move scorchingsands\n>p2 move substitute\n>p1 move scorchingsands\n>p2 move earthpower\n>p1 switch 4\n>p1 move wickedblow terastallize\n>p2 move fierydance","uploadtime":1762726209}