{"id":"gen9natdexdraft-222","log":"|badge|p2|silver|gen9ubers|30-2\n|uhtml|medal-msg|<div class=\"broadcast-blue\">Curious what those medals under the avatar are? PS now has Ladder Seasons! For more information, check out the <a href=\"https://www.smogon.com/forums/threads/3740067/\">thread on Smogon.</a></div>\n|j|☆john961\n|j|☆Celeste\n|t:|1762305078\n|gametype|singles\n|player|p1|john961|miku-flying|\n|player|p2|Celeste|lisia|\n|gen|9\n|tier|[Gen 9] NatDex Draft\n|rule|Tera Type Preview: Tera Types are shown at Team Preview\n|rule|Sleep Clause Mod: Limit one foe put to sleep\n|rule|OHKO Clause: OHKO moves are banned\n|rule|Evasion Clause: Evasion abilities, items, and moves are banned\n|rule|Evasion Abilities Clause: Evasion abilities are banned\n|rule|Evasion Items Clause: Evasion items are banned\n|rule|Evasion Moves Clause: Evasion moves are banned\n|rule|Endless Battle Clause: Forcing endless battles is banned\n|rule|HP Percentage Mod: HP is shown in percentages\n|raw|<div class=\"infobox\"><details class=\"readmore\" open><summary><strong>1 custom rule:</strong></summary> Tera Type Preview</details></div>\n|clearpoke\n|poke|p1|Paleogeist, F|\n|poke|p1|Amoonguss, F|\n|poke|p1|Iron Pixel, M|\n|poke|p1|Iron Gear, F|\n|poke|p1|Buzzwole|\n|poke|p1|Kabuyeti-Climb, M|\n|poke|p2|Diamoneye, F|\n|poke|p2|Great Tusk|\n|poke|p2|Mesprit|\n|poke|p2|Ogerpon, F|\n|poke|p2|Heatles, F|\n|poke|p2|Glimmora, F|\n|raw|john961's Tera Types:<br /><psicon pokemon=\"paleogeist\" /><psicon type=\"Ghost\" /> / <psicon pokemon=\"amoonguss\" /><psicon type=\"Grass\" /> / <psicon pokemon=\"ironpixel\" /><psicon type=\"Poison\" /> / <psicon pokemon=\"irongear\" /><psicon type=\"Psychic\" /> / <psicon pokemon=\"buzzwole\" /><psicon type=\"Bug\" /> / <psicon pokemon=\"kabuyeticlimb\" /><psicon type=\"Ice\" />\n|raw|Celeste's Tera Types:<br /><psicon pokemon=\"diamoneye\" /><psicon type=\"Ghost\" /> / <psicon pokemon=\"greattusk\" /><psicon type=\"Flying\" /> / <psicon pokemon=\"mesprit\" /><psicon type=\"Psychic\" /> / <psicon pokemon=\"ogerpon\" /><psicon type=\"Grass\" /> / <psicon pokemon=\"heatles\" /><psicon type=\"Fire\" /> / <psicon pokemon=\"glimmora\" /><psicon type=\"Rock\" />\n|teampreview\n|c|☆Celeste|glhf\n|c|☆john961|glhf\n|\n|t:|1762305163\n|teamsize|p1|6\n|teamsize|p2|6\n|start\n|switch|p1a: Sussy Baka|Amoonguss, F|100/100\n|switch|p2a: Heatles|Heatles, F|100/100\n|turn|1\n|\n|t:|1762305208\n|switch|p1a: Kabuyeti-Climb|Kabuyeti-Climb, M|100/100\n|-ability|p1a: Kabuyeti-Climb|Mold Breaker\n|move|p2a: Heatles|Fire Lash|p1a: Kabuyeti-Climb\n|-damage|p1a: Kabuyeti-Climb|37/100\n|-unboost|p1a: Kabuyeti-Climb|def|1\n|\n|upkeep\n|turn|2\n|\n|t:|1762305223\n|move|p1a: Kabuyeti-Climb|Earthquake|p2a: Heatles\n|-supereffective|p2a: Heatles\n|-damage|p2a: Heatles|9/100\n|move|p2a: Heatles|Superpower|p1a: Kabuyeti-Climb\n|-supereffective|p1a: Kabuyeti-Climb\n|-damage|p1a: Kabuyeti-Climb|0 fnt\n|-boost|p2a: Heatles|atk|1\n|-boost|p2a: Heatles|def|1\n|faint|p1a: Kabuyeti-Climb\n|\n|upkeep\n|\n|t:|1762305272\n|switch|p1a: Anger Management|Iron Pixel, M, shiny|100/100\n|-enditem|p1a: Anger Management|Booster Energy\n|-activate|p1a: Anger Management|ability: Quark Drive|[fromitem]\n|-start|p1a: Anger Management|quarkdrivespe\n|turn|3\n|\n|t:|1762305280\n|move|p1a: Anger Management|Energy Ball|p2a: Heatles\n|-resisted|p2a: Heatles\n|-damage|p2a: Heatles|0 fnt\n|faint|p2a: Heatles\n|\n|upkeep\n|\n|t:|1762305291\n|switch|p2a: Mesprit|Mesprit|100/100\n|turn|4\n|\n|t:|1762305323\n|move|p1a: Anger Management|Sludge Bomb|p2a: Mesprit\n|-damage|p2a: Mesprit|68/100\n|-enditem|p2a: Mesprit|Red Card|[of] p1a: Anger Management\n|-end|p1a: Anger Management|Quark Drive|[silent]\n|drag|p1a: William Afton|Paleogeist, F, shiny|100/100\n|move|p2a: Mesprit|Stealth Rock|p1a: William Afton\n|-sidestart|p1: john961|move: Stealth Rock\n|\n|upkeep\n|turn|5\n|\n|t:|1762305334\n|-terastallize|p1a: William Afton|Ghost\n|move|p2a: Mesprit|Thunder Wave|p1a: William Afton\n|-status|p1a: William Afton|par\n|cant|p1a: William Afton|par\n|\n|upkeep\n|turn|6\n|\n|t:|1762305342\n|move|p2a: Mesprit|Psychic Noise|p1a: William Afton\n|-damage|p1a: William Afton|81/100 par\n|-start|p1a: William Afton|move: Heal Block\n|cant|p1a: William Afton|par\n|\n|upkeep\n|turn|7\n|\n|t:|1762305349\n|move|p2a: Mesprit|Psychic Noise|p1a: William Afton\n|-damage|p1a: William Afton|60/100 par\n|cant|p1a: William Afton|par\n|\n|-end|p1a: William Afton|move: Heal Block\n|upkeep\n|turn|8\n|c|☆Celeste|mb\n|\n|t:|1762305356\n|move|p2a: Mesprit|Psychic Noise|p1a: William Afton\n|-damage|p1a: William Afton|41/100 par\n|-start|p1a: William Afton|move: Heal Block\n|-ability|p1a: William Afton|Sheer Willpower\n|-message|William Afton's Phantom Force hits instantly!\n|move|p1a: William Afton|Phantom Force||[still]\n|-prepare|p1a: William Afton|Phantom Force\n|-anim|p1a: William Afton|Phantom Force|p2a: Mesprit\n|-supereffective|p2a: Mesprit\n|-damage|p2a: Mesprit|0 fnt\n|faint|p2a: Mesprit\n|\n|upkeep\n|\n|t:|1762305369\n|switch|p2a: Diamoneye|Diamoneye, F|100/100\n|turn|9\n|\n|t:|1762305411\n|detailschange|p2a: Diamoneye|Diamoneye-Mega, F\n|-mega|p2a: Diamoneye|Diamoneye|Diamoneyite\n|-ability|p2a: Diamoneye|Unnerve\n|move|p2a: Diamoneye|Shadow Ball|p1a: William Afton\n|-supereffective|p1a: William Afton\n|-damage|p1a: William Afton|0 fnt\n|faint|p1a: William Afton\n|\n|upkeep\n|\n|t:|1762305428\n|switch|p1a: Sussy Baka|Amoonguss, F|100/100\n|-damage|p1a: Sussy Baka|88/100|[from] Stealth Rock\n|turn|10\n|\n|t:|1762305437\n|detailschange|p1a: Sussy Baka|Amoonguss-Mega, F\n|-mega|p1a: Sussy Baka|Amoonguss|Vent\n|move|p2a: Diamoneye|Nasty Plot|p2a: Diamoneye\n|-boost|p2a: Diamoneye|spa|2\n|move|p1a: Sussy Baka|Spore|p2a: Diamoneye\n|-status|p2a: Diamoneye|slp|[from] move: Spore\n|\n|upkeep\n|turn|11\n|\n|t:|1762305447\n|switch|p2a: Glimmora|Glimmora, F|100/100\n|move|p1a: Sussy Baka|Giga Drain|p2a: Glimmora\n|-damage|p2a: Glimmora|75/100\n|-heal|p1a: Sussy Baka|99/100|[from] drain|[of] p2a: Glimmora\n|\n|-heal|p2a: Glimmora|81/100|[from] item: Black Sludge\n|upkeep\n|turn|12\n|\n|t:|1762305474\n|-heal|p1a: Sussy Baka|100/100|[from] ability: Ejected\n|switch|p1a: Anger Management|Iron Pixel, M, shiny|100/100\n|-damage|p1a: Anger Management|88/100|[from] Stealth Rock\n|move|p2a: Glimmora|Toxic|p1a: Anger Management\n|-status|p1a: Anger Management|tox\n|\n|-heal|p2a: Glimmora|87/100|[from] item: Black Sludge\n|-damage|p1a: Anger Management|82/100 tox|[from] psn\n|upkeep\n|turn|13\n|\n|t:|1762305500\n|move|p1a: Anger Management|Thunderbolt|p2a: Glimmora\n|-damage|p2a: Glimmora|50/100\n|move|p2a: Glimmora|Spikes|p1a: Anger Management\n|-sidestart|p1: john961|Spikes\n|\n|-heal|p2a: Glimmora|56/100|[from] item: Black Sludge\n|-damage|p1a: Anger Management|70/100 tox|[from] psn\n|upkeep\n|turn|14\n|\n|t:|1762305510\n|move|p2a: Glimmora|Spiky Shield|p2a: Glimmora\n|-singleturn|p2a: Glimmora|move: Protect\n|move|p1a: Anger Management|Thunderbolt|p2a: Glimmora\n|-activate|p2a: Glimmora|move: Protect\n|\n|-heal|p2a: Glimmora|63/100|[from] item: Black Sludge\n|-damage|p1a: Anger Management|51/100 tox|[from] psn\n|upkeep\n|turn|15\n|\n|t:|1762305516\n|move|p1a: Anger Management|Energy Ball|p2a: Glimmora\n|-damage|p2a: Glimmora|39/100\n|move|p2a: Glimmora|Spikes|p1a: Anger Management\n|-sidestart|p1: john961|Spikes\n|\n|-heal|p2a: Glimmora|45/100|[from] item: Black Sludge\n|-damage|p1a: Anger Management|27/100 tox|[from] psn\n|upkeep\n|turn|16\n|\n|t:|1762305526\n|move|p2a: Glimmora|Spiky Shield|p2a: Glimmora\n|-singleturn|p2a: Glimmora|move: Protect\n|move|p1a: Anger Management|Thunderbolt|p2a: Glimmora\n|-activate|p2a: Glimmora|move: Protect\n|\n|-heal|p2a: Glimmora|52/100|[from] item: Black Sludge\n|-damage|p1a: Anger Management|0 fnt|[from] psn\n|faint|p1a: Anger Management\n|-end|p1a: Anger Management|Quark Drive|[silent]\n|upkeep\n|\n|t:|1762305534\n|switch|p1a: Metal Gear|Iron Gear, F, shiny|100/100\n|-damage|p1a: Metal Gear|95/100|[from] Stealth Rock\n|-damage|p1a: Metal Gear|78/100|[from] Spikes\n|-enditem|p1a: Metal Gear|Booster Energy\n|-activate|p1a: Metal Gear|ability: Quark Drive|[fromitem]\n|-start|p1a: Metal Gear|quarkdrivespe\n|turn|17\n|\n|t:|1762305566\n|move|p1a: Metal Gear|Iron Defense|p1a: Metal Gear\n|-boost|p1a: Metal Gear|def|2\n|move|p2a: Glimmora|Toxic|p1a: Metal Gear\n|-status|p1a: Metal Gear|tox\n|\n|-heal|p2a: Glimmora|58/100|[from] item: Black Sludge\n|-damage|p1a: Metal Gear|72/100 tox|[from] psn\n|upkeep\n|turn|18\n|\n|t:|1762305577\n|switch|p2a: Diamoneye|Diamoneye-Mega, F|100/100 slp\n|-ability|p2a: Diamoneye|Unnerve\n|move|p1a: Metal Gear|Iron Defense|p1a: Metal Gear\n|-boost|p1a: Metal Gear|def|2\n|\n|-damage|p1a: Metal Gear|60/100 tox|[from] psn\n|upkeep\n|turn|19\n|\n|t:|1762305584\n|move|p1a: Metal Gear|Moonblast|p2a: Diamoneye\n|-supereffective|p2a: Diamoneye\n|-damage|p2a: Diamoneye|34/100 slp\n|-unboost|p2a: Diamoneye|spa|1\n|cant|p2a: Diamoneye|slp\n|\n|-damage|p1a: Metal Gear|42/100 tox|[from] psn\n|upkeep\n|turn|20\n|\n|t:|1762305593\n|move|p1a: Metal Gear|Moonblast|p2a: Diamoneye\n|-supereffective|p2a: Diamoneye\n|-damage|p2a: Diamoneye|0 fnt\n|faint|p2a: Diamoneye\n|detailschange|p2: Diamoneye|Diamoneye, F|[silent]\n|\n|-damage|p1a: Metal Gear|18/100 tox|[from] psn\n|upkeep\n|\n|t:|1762305602\n|switch|p2a: Glimmora|Glimmora, F|58/100\n|turn|21\n|\n|t:|1762305607\n|move|p2a: Glimmora|Spiky Shield|p2a: Glimmora\n|-singleturn|p2a: Glimmora|move: Protect\n|move|p1a: Metal Gear|Recover|p1a: Metal Gear\n|-heal|p1a: Metal Gear|68/100 tox\n|\n|-heal|p2a: Glimmora|64/100|[from] item: Black Sludge\n|-damage|p1a: Metal Gear|38/100 tox|[from] psn\n|upkeep\n|turn|22\n|\n|t:|1762305616\n|move|p1a: Metal Gear|Body Press|p2a: Glimmora\n|-damage|p2a: Glimmora|0 fnt\n|faint|p2a: Glimmora\n|\n|-damage|p1a: Metal Gear|2/100 tox|[from] psn\n|upkeep\n|\n|t:|1762305621\n|switch|p2a: Ogerpon|Ogerpon, F|100/100\n|turn|23\n|\n|t:|1762305627\n|move|p1a: Metal Gear|Body Press|p2a: Ogerpon\n|-damage|p2a: Ogerpon|12/100\n|move|p2a: Ogerpon|Trailblaze|p1a: Metal Gear\n|-resisted|p1a: Metal Gear\n|-damage|p1a: Metal Gear|0 fnt\n|-boost|p2a: Ogerpon|spe|1\n|faint|p1a: Metal Gear\n|-end|p1a: Metal Gear|Quark Drive|[silent]\n|\n|upkeep\n|\n|t:|1762305648\n|switch|p1a: Sussy Baka|Amoonguss-Mega, F|100/100\n|-damage|p1a: Sussy Baka|88/100|[from] Stealth Rock\n|-damage|p1a: Sussy Baka|72/100|[from] Spikes\n|turn|24\n|j|~SparksTheNeo\n|\n|t:|1762305656\n|move|p2a: Ogerpon|Zen Headbutt|p1a: Sussy Baka\n|-supereffective|p1a: Sussy Baka\n|-damage|p1a: Sussy Baka|33/100\n|move|p1a: Sussy Baka|Sludge Bomb|p2a: Ogerpon\n|-supereffective|p2a: Ogerpon\n|-damage|p2a: Ogerpon|0 fnt\n|faint|p2a: Ogerpon\n|\n|-activate|p1a: Sussy Baka|ability: Ejected\n|upkeep\n|\n|t:|1762305666\n|switch|p2a: Great Tusk|Great Tusk|100/100\n|-heal|p1a: Sussy Baka|53/100|[from] ability: Ejected\n|switch|p1a: Mr. Mosquito|Buzzwole|100/100\n|-damage|p1a: Mr. Mosquito|88/100|[from] Stealth Rock\n|-damage|p1a: Mr. Mosquito|71/100|[from] Spikes\n|-enditem|p2a: Great Tusk|Booster Energy\n|-activate|p2a: Great Tusk|ability: Protosynthesis|[fromitem]\n|-start|p2a: Great Tusk|protosynthesisspe\n|turn|25\n|\n|t:|1762305680\n|-terastallize|p2a: Great Tusk|Flying\n|move|p2a: Great Tusk|Bulk Up|p2a: Great Tusk\n|-boost|p2a: Great Tusk|atk|1\n|-boost|p2a: Great Tusk|def|1\n|move|p1a: Mr. Mosquito|Toxic|p2a: Great Tusk|[miss]\n|-miss|p1a: Mr. Mosquito|p2a: Great Tusk\n|\n|upkeep\n|turn|26\n|\n|t:|1762305692\n|move|p2a: Great Tusk|Tera Blast|p1a: Mr. Mosquito|[anim] Tera Blast Flying\n|-supereffective|p1a: Mr. Mosquito\n|-enditem|p1a: Mr. Mosquito|Coba Berry|[eat]\n|-enditem|p1a: Mr. Mosquito|Coba Berry|[weaken]\n|-damage|p1a: Mr. Mosquito|25/100\n|move|p1a: Mr. Mosquito|Toxic|p2a: Great Tusk\n|-status|p2a: Great Tusk|tox\n|\n|-damage|p2a: Great Tusk|94/100 tox|[from] psn\n|upkeep\n|turn|27\n|\n|t:|1762305706\n|move|p2a: Great Tusk|Tera Blast|p1a: Mr. Mosquito|[anim] Tera Blast Flying\n|-supereffective|p1a: Mr. Mosquito\n|-damage|p1a: Mr. Mosquito|0 fnt\n|faint|p1a: Mr. Mosquito\n|\n|-damage|p2a: Great Tusk|82/100 tox|[from] psn\n|upkeep\n|\n|t:|1762305710\n|switch|p1a: Sussy Baka|Amoonguss-Mega, F|53/100\n|-damage|p1a: Sussy Baka|41/100|[from] Stealth Rock\n|-damage|p1a: Sussy Baka|24/100|[from] Spikes\n|turn|28\n|\n|t:|1762305714\n|move|p2a: Great Tusk|Tera Blast|p1a: Sussy Baka|[anim] Tera Blast Flying\n|-supereffective|p1a: Sussy Baka\n|-damage|p1a: Sussy Baka|0 fnt\n|faint|p1a: Sussy Baka\n|detailschange|p1: Sussy Baka|Amoonguss, F|[silent]\n|\n|win|Celeste\n|c|☆Celeste|gg\n|c|☆john961|gg\n","players":["john961","Celeste"],"format":"[Gen 9] NatDex Draft","rating":null,"private":0,"password":null,"inputlog":">version d52f9d404343983ec5f1b39417d097d33a9e9b64\n>start {\"formatid\":\"gen9natdexdraft@@@Tera Type Preview\",\"seed\":\"sodium,4a608ec064904b64d2b1bea189f8b704\"}\n>player p1 {\"name\":\"john961\",\"avatar\":\"miku-flying\",\"team\":\"William Afton|Paleogeist|Leftovers|SheerWillpower|RockWrecker,PhantomForce,SlackOff,PartingShot|Adamant|248,252,8,,,|F||S||,,,,,Ghost]Sussy Baka|Amoonguss|Vent|Regenerator|SludgeBomb,GigaDrain,Spore,Synthesis|Calm|248,,8,,252,|F|,0,,,,|||,,,,,Grass]Anger Management|IronPixel|BoosterEnergy|QuarkDrive|Thunderbolt,SludgeBomb,FocusBlast,EnergyBall|Timid|128,,,252,,128|M|,0,,,,|S||,,,,,Poison]Metal Gear|IronGear|BoosterEnergy|QuarkDrive|BodyPress,Moonblast,IronDefense,Recover|Timid|128,,252,,,128|F|,0,,,,|S||,,,,,Psychic]Mr. Mosquito|Buzzwole|CobaBerry|BeastBoost|LeechLife,CloseCombat,Toxic,Roost|Impish|248,8,252,,,|N||||,,,,,Bug]Kabuyeti-Climb||HeavyDutyBoots|MoldBreaker|FlareBlitz,Earthquake,IcicleCrash,GunkShot|Jolly|40,252,,,,216|M||||,,,,,Ice\",\"rating\":0}\n>player p2 {\"name\":\"Celeste\",\"avatar\":\"lisia\",\"team\":\"Diamoneye||Diamoneyite|Prankster|NastyPlot,DazzlingGleam,ShadowBall,Recover|Timid|48,,,252,,208|F|,0,,,,|||,,,,,Ghost]Great Tusk||BoosterEnergy|Protosynthesis|RapidSpin,HeadlongRush,TeraBlast,BulkUp|Jolly|248,4,,,4,252|N||||,Fighting,,,,Flying]Mesprit||RedCard|Levitate|ThunderWave,PsychicNoise,Uturn,StealthRock|Calm|252,,,4,252,|N||||,,,,,Psychic]Ogerpon||TangaBerry|Defiant|SwordsDance,Trailblaze,ZenHeadbutt,PlayRough|Jolly|,252,,,4,252|F||||,Poison,,,,Grass]Heatles||HeavyDutyBoots|Contrary|Superpower,FireLash,SlackOff,RockTomb|Jolly|,252,,,4,252|F||||,,,,,Fire]Glimmora||BlackSludge|Corrosion|Spikes,Toxic,SpikyShield,PowerGem|Calm|252,,,4,252,|F|,0,,,,|||,,,,,Rock\",\"rating\":0}\n>chat ☆Celeste|glhf\n>chat ☆john961|glhf\n>p1 team 2, 1, 3, 4, 5, 6\n>p2 team 5, 2, 3, 4, 1, 6\n>p1 switch 6\n>p2 move firelash\n>p1 move earthquake\n>p2 move superpower\n>p1 switch 3\n>p1 move energyball\n>p2 move firelash\n>p2 switch 3\n>p1 move sludgebomb\n>p2 move stealthrock\n>p1 move phantomforce terastallize\n>p2 move thunderwave\n>p1 move phantomforce\n>p2 move psychicnoise\n>p1 move phantomforce\n>p2 move psychicnoise\n>chat ☆Celeste|mb\n>p1 move phantomforce\n>p2 move psychicnoise\n>p2 switch 5\n>p1 move phantomforce\n>p2 move shadowball mega\n>p1 switch 6\n>p1 move spore mega\n>p2 move nastyplot\n>p1 move gigadrain\n>p2 switch 6\n>p1 switch 2\n>p2 move toxic\n>p1 move thunderbolt\n>p2 move spikes\n>p1 move thunderbolt\n>p2 move spikyshield\n>p1 move energyball\n>p2 move spikes\n>p1 move thunderbolt\n>p2 move spikyshield\n>p1 switch 4\n>p1 move irondefense\n>p2 move toxic\n>p1 move irondefense\n>p2 switch 6\n>p1 move moonblast\n>p2 move shadowball\n>p1 move moonblast\n>p2 move shadowball\n>p2 switch 6\n>p1 move recover\n>p2 move spikyshield\n>p1 move bodypress\n>p2 move spikes\n>p2 switch 4\n>p1 move bodypress\n>p2 move trailblaze\n>p1 switch 2\n>p1 move sludgebomb\n>p2 move zenheadbutt\n>p1 switch 5\n>p2 switch 2\n>p1 move toxic\n>p2 move bulkup terastallize\n>p1 move toxic\n>p2 move terablast\n>p1 move roost\n>p2 move terablast\n>p1 switch 5\n>p1 move synthesis\n>p2 move terablast","uploadtime":1762305724}