{"id":"gen9natdexdraft-91","log":"|j|☆ElysianSoul222\n|j|☆chub hub\n|t:|1760797963\n|gametype|singles\n|player|p1|ElysianSoul222|skierf|\n|player|p2|chub hub|102|\n|gen|9\n|tier|[Gen 9] NatDex Draft\n|rule|Tera Type Preview: Tera Types are shown at Team Preview\n|rule|Sleep Clause Mod: Limit one foe put to sleep\n|rule|OHKO Clause: OHKO moves are banned\n|rule|Evasion Clause: Evasion abilities, items, and moves are banned\n|rule|Evasion Abilities Clause: Evasion abilities are banned\n|rule|Evasion Items Clause: Evasion items are banned\n|rule|Evasion Moves Clause: Evasion moves are banned\n|rule|Endless Battle Clause: Forcing endless battles is banned\n|rule|HP Percentage Mod: HP is shown in percentages\n|raw|<div class=\"infobox\"><details class=\"readmore\" open><summary><strong>1 custom rule:</strong></summary> Tera Type Preview</details></div>\n|clearpoke\n|poke|p1|Flutter Lame, F|\n|poke|p1|Blaziken, M|\n|poke|p1|Celebi-Hell, F|\n|poke|p1|Zapdos|\n|poke|p1|Starmie, M|\n|poke|p1|Araquanid, F|\n|poke|p2|Iron Saw, F|\n|poke|p2|Scream Tail|\n|poke|p2|Overqwil, F|\n|poke|p2|Iron Boulder|\n|poke|p2|Drifblim-Hell, M|\n|poke|p2|Mamoswine, F|\n|raw|ElysianSoul222's Tera Types:<br /><psicon pokemon=\"flutterlame\" /><psicon type=\"Ghost\" /> / <psicon pokemon=\"blaziken\" /><psicon type=\"Electric\" /> / <psicon pokemon=\"celebihell\" /><psicon type=\"Steel\" /> / <psicon pokemon=\"zapdos\" /><psicon type=\"Electric\" /> / <psicon pokemon=\"starmie\" /><psicon type=\"Water\" /> / <psicon pokemon=\"araquanid\" /><psicon type=\"Water\" />\n|raw|chub hub's Tera Types:<br /><psicon pokemon=\"ironsaw\" /><psicon type=\"Electric\" /> / <psicon pokemon=\"screamtail\" /><psicon type=\"Fairy\" /> / <psicon pokemon=\"overqwil\" /><psicon type=\"Dark\" /> / <psicon pokemon=\"ironboulder\" /><psicon type=\"Fighting\" /> / <psicon pokemon=\"drifblimhell\" /><psicon type=\"Water\" /> / <psicon pokemon=\"mamoswine\" /><psicon type=\"Ice\" />\n|teampreview\n|c|☆chub hub|hf family\n|c|☆ElysianSoul222|u2\n|j| wizzz7\n|\n|t:|1760798038\n|teamsize|p1|6\n|teamsize|p2|6\n|start\n|switch|p1a: Silk Road|Araquanid, F, shiny|100/100\n|switch|p2a: Iron Saw|Iron Saw, F, shiny|100/100\n|turn|1\n|\n|t:|1760798069\n|switch|p1a: Celebi-Hell|Celebi-Hell, F, shiny|100/100\n|move|p2a: Iron Saw|U-turn|p1a: Celebi-Hell\n|-resisted|p1a: Celebi-Hell\n|-damage|p1a: Celebi-Hell|97/100\n|\n|t:|1760798110\n|-end|p2a: Iron Saw|Quark Drive|[silent]\n|switch|p2a: Drifblim-Hell|Drifblim-Hell, M|100/100|[from] U-turn\n|\n|-heal|p1a: Celebi-Hell|100/100|[from] item: Leftovers\n|upkeep\n|turn|2\n|\n|t:|1760798139\n|detailschange|p2a: Drifblim-Hell|Drifblim-Hell-Mega, M\n|-mega|p2a: Drifblim-Hell|Drifblim-Hell|Drifblimite Hell\n|move|p1a: Celebi-Hell|U-turn|p2a: Drifblim-Hell\n|-resisted|p2a: Drifblim-Hell\n|-damage|p2a: Drifblim-Hell|96/100\n|\n|t:|1760798153\n|switch|p1a: Zapdos|Zapdos, shiny|100/100|[from] U-turn\n|move|p2a: Drifblim-Hell|Scald|p1a: Zapdos\n|-damage|p1a: Zapdos|61/100\n|\n|upkeep\n|turn|3\n|j| MegaIdot\n|\n|t:|1760798186\n|switch|p2a: Mamoswine|Mamoswine, F, shiny|100/100\n|move|p1a: Zapdos|Volt Switch|p2a: Mamoswine\n|-immune|p2a: Mamoswine\n|\n|upkeep\n|turn|4\n|\n|t:|1760798208\n|switch|p2a: Iron Saw|Iron Saw, F, shiny|100/100\n|switch|p1a: Silk Road|Araquanid, F, shiny|100/100\n|\n|upkeep\n|turn|5\n|\n|t:|1760798220\n|move|p2a: Iron Saw|Iron Head|p1a: Silk Road\n|-resisted|p1a: Silk Road\n|-damage|p1a: Silk Road|87/100\n|move|p1a: Silk Road|Sticky Web|p2a: Iron Saw\n|-sidestart|p2: chub hub|move: Sticky Web\n|\n|upkeep\n|turn|6\n|\n|t:|1760798228\n|switch|p1a: Celebi-Hell|Celebi-Hell, F, shiny|100/100\n|move|p2a: Iron Saw|Rapid Spin|p1a: Celebi-Hell\n|-resisted|p1a: Celebi-Hell\n|-damage|p1a: Celebi-Hell|96/100\n|-boost|p2a: Iron Saw|spe|1\n|-sideend|p2: chub hub|Sticky Web|[from] move: Rapid Spin|[of] p2a: Iron Saw\n|\n|-heal|p1a: Celebi-Hell|100/100|[from] item: Leftovers\n|upkeep\n|turn|7\n|\n|t:|1760798242\n|-end|p2a: Iron Saw|Quark Drive|[silent]\n|switch|p2a: Overqwil|Overqwil, F, shiny|100/100\n|-ability|p2a: Overqwil|Intimidate|boost\n|-unboost|p1a: Celebi-Hell|atk|1\n|move|p1a: Celebi-Hell|U-turn|p2a: Overqwil\n|-damage|p2a: Overqwil|91/100\n|\n|t:|1760798276\n|switch|p1a: Zapdos|Zapdos, shiny|61/100|[from] U-turn\n|\n|-heal|p2a: Overqwil|97/100|[from] item: Black Sludge\n|upkeep\n|turn|8\n|\n|t:|1760798288\n|move|p1a: Zapdos|Reflect|p1a: Zapdos\n|-sidestart|p1: ElysianSoul222|Reflect\n|move|p2a: Overqwil|Toxic Spikes|p1a: Zapdos\n|-sidestart|p1: ElysianSoul222|move: Toxic Spikes\n|\n|-heal|p2a: Overqwil|100/100|[from] item: Black Sludge\n|upkeep\n|turn|9\n|\n|t:|1760798305\n|switch|p2a: Scream Tail|Scream Tail, shiny|100/100\n|move|p1a: Zapdos|Roost|p1a: Zapdos\n|-heal|p1a: Zapdos|100/100\n|-singleturn|p1a: Zapdos|move: Roost\n|\n|upkeep\n|turn|10\n|\n|t:|1760798310\n|switch|p1a: Celebi-Hell|Celebi-Hell, F, shiny|100/100\n|move|p2a: Scream Tail|Stealth Rock|p1a: Celebi-Hell\n|-sidestart|p1: ElysianSoul222|move: Stealth Rock\n|\n|upkeep\n|turn|11\n|\n|t:|1760798322\n|move|p2a: Scream Tail|Thunder Wave|p1a: Celebi-Hell\n|-ability|p1a: Celebi-Hell|Motor Drive|boost\n|-boost|p1a: Celebi-Hell|spe|1\n|move|p1a: Celebi-Hell|Stealth Rock|p2a: Scream Tail\n|-sidestart|p2: chub hub|move: Stealth Rock\n|\n|upkeep\n|turn|12\n|c|☆chub hub|rip\n|\n|t:|1760798331\n|-end|p2a: Scream Tail|Protosynthesis|[silent]\n|switch|p2a: Drifblim-Hell|Drifblim-Hell-Mega, M|96/100\n|-damage|p2a: Drifblim-Hell|83/100|[from] Stealth Rock\n|move|p1a: Celebi-Hell|U-turn|p2a: Drifblim-Hell\n|-resisted|p2a: Drifblim-Hell\n|-damage|p2a: Drifblim-Hell|79/100\n|\n|t:|1760798335\n|switch|p1a: Starmie|Starmie, M, shiny|100/100|[from] U-turn\n|-status|p1a: Starmie|psn\n|-damage|p1a: Starmie|88/100 psn|[from] Stealth Rock\n|\n|-damage|p1a: Starmie|76/100 psn|[from] psn\n|upkeep\n|turn|13\n|\n|t:|1760798340\n|switch|p2a: Overqwil|Overqwil, F, shiny|100/100\n|-damage|p2a: Overqwil|88/100|[from] Stealth Rock\n|-ability|p2a: Overqwil|Intimidate|boost\n|-unboost|p1a: Starmie|atk|1\n|move|p1a: Starmie|Rapid Spin|p2a: Overqwil\n|-damage|p2a: Overqwil|83/100\n|-boost|p1a: Starmie|spe|1\n|-sideend|p1: ElysianSoul222|Toxic Spikes|[from] move: Rapid Spin|[of] p1a: Starmie\n|-sideend|p1: ElysianSoul222|Stealth Rock|[from] move: Rapid Spin|[of] p1a: Starmie\n|\n|-heal|p2a: Overqwil|89/100|[from] item: Black Sludge\n|-damage|p1a: Starmie|63/100 psn|[from] psn\n|upkeep\n|turn|14\n|\n|t:|1760798351\n|move|p1a: Starmie|Flip Turn|p2a: Overqwil\n|-damage|p2a: Overqwil|80/100\n|\n|t:|1760798361\n|-curestatus|p1a: Starmie|psn|[from] ability: Natural Cure\n|switch|p1a: Zapdos|Zapdos, shiny|100/100|[from] Flip Turn\n|move|p2a: Overqwil|Toxic Spikes|p1a: Zapdos\n|-sidestart|p1: ElysianSoul222|move: Toxic Spikes\n|\n|-heal|p2a: Overqwil|86/100|[from] item: Black Sludge\n|upkeep\n|turn|15\n|\n|t:|1760798366\n|move|p1a: Zapdos|Hurricane|p2a: Overqwil\n|-damage|p2a: Overqwil|45/100\n|-start|p2a: Overqwil|confusion\n|-activate|p2a: Overqwil|confusion\n|move|p2a: Overqwil|Gunk Shot|p1a: Zapdos\n|-damage|p1a: Zapdos|82/100\n|\n|-heal|p2a: Overqwil|51/100|[from] item: Black Sludge\n|-sideend|p1: ElysianSoul222|Reflect\n|upkeep\n|turn|16\n|\n|t:|1760798378\n|switch|p2a: Iron Saw|Iron Saw, F, shiny|100/100\n|move|p1a: Zapdos|Volt Switch|p2a: Iron Saw\n|-resisted|p2a: Iron Saw\n|-damage|p2a: Iron Saw|81/100\n|\n|t:|1760798385\n|switch|p1a: Celebi-Hell|Celebi-Hell, F, shiny|100/100|[from] Volt Switch\n|\n|upkeep\n|turn|17\n|\n|t:|1760798404\n|move|p2a: Iron Saw|U-turn|p1a: Celebi-Hell\n|-resisted|p1a: Celebi-Hell\n|-damage|p1a: Celebi-Hell|97/100\n|\n|t:|1760798409\n|-end|p2a: Iron Saw|Quark Drive|[silent]\n|switch|p2a: Drifblim-Hell|Drifblim-Hell-Mega, M|79/100|[from] U-turn\n|-damage|p2a: Drifblim-Hell|66/100|[from] Stealth Rock\n|move|p1a: Celebi-Hell|Iron Head|p2a: Drifblim-Hell\n|-resisted|p2a: Drifblim-Hell\n|-damage|p2a: Drifblim-Hell|58/100\n|\n|-heal|p1a: Celebi-Hell|100/100|[from] item: Leftovers\n|upkeep\n|turn|18\n|\n|t:|1760798413\n|move|p1a: Celebi-Hell|U-turn|p2a: Drifblim-Hell\n|-resisted|p2a: Drifblim-Hell\n|-damage|p2a: Drifblim-Hell|53/100\n|\n|t:|1760798421\n|switch|p1a: Starmie|Starmie, M, shiny|63/100|[from] U-turn\n|-status|p1a: Starmie|psn\n|move|p2a: Drifblim-Hell|Strength Sap|p1a: Starmie\n|-unboost|p1a: Starmie|atk|1\n|-heal|p2a: Drifblim-Hell|91/100\n|\n|-damage|p1a: Starmie|51/100 psn|[from] psn\n|upkeep\n|turn|19\n|\n|t:|1760798432\n|move|p1a: Starmie|Rapid Spin|p2a: Drifblim-Hell\n|-crit|p2a: Drifblim-Hell\n|-damage|p2a: Drifblim-Hell|83/100\n|-boost|p1a: Starmie|spe|1\n|-sideend|p1: ElysianSoul222|Toxic Spikes|[from] move: Rapid Spin|[of] p1a: Starmie\n|move|p2a: Drifblim-Hell|Sludge Bomb|p1a: Starmie\n|-damage|p1a: Starmie|0 fnt\n|faint|p1a: Starmie\n|\n|upkeep\n|\n|t:|1760798445\n|switch|p1a: Blaziken|Blaziken, M, shiny|100/100\n|turn|20\n|\n|t:|1760798468\n|-terastallize|p1a: Blaziken|Electric\n|move|p1a: Blaziken|Thunder Punch|p2a: Drifblim-Hell\n|-supereffective|p2a: Drifblim-Hell\n|-damage|p2a: Drifblim-Hell|32/100\n|move|p2a: Drifblim-Hell|Scald|p1a: Blaziken\n|-damage|p1a: Blaziken|38/100\n|-status|p1a: Blaziken|brn\n|\n|-damage|p1a: Blaziken|32/100 brn|[from] brn\n|-ability|p1a: Blaziken|Speed Boost|boost\n|-boost|p1a: Blaziken|spe|1\n|upkeep\n|turn|21\n|\n|t:|1760798531\n|switch|p2a: Overqwil|Overqwil, F, shiny|51/100\n|-damage|p2a: Overqwil|39/100|[from] Stealth Rock\n|-ability|p2a: Overqwil|Intimidate|boost\n|-unboost|p1a: Blaziken|atk|1\n|move|p1a: Blaziken|Thunder Punch|p2a: Overqwil\n|-damage|p2a: Overqwil|26/100\n|\n|-heal|p2a: Overqwil|32/100|[from] item: Black Sludge\n|-damage|p1a: Blaziken|26/100 brn|[from] brn\n|-ability|p1a: Blaziken|Speed Boost|boost\n|-boost|p1a: Blaziken|spe|1\n|upkeep\n|turn|22\n|\n|t:|1760798542\n|move|p1a: Blaziken|Earthquake|p2a: Overqwil\n|-supereffective|p2a: Overqwil\n|-damage|p2a: Overqwil|6/100\n|move|p2a: Overqwil|Crunch|p1a: Blaziken\n|-damage|p1a: Blaziken|0 fnt\n|faint|p1a: Blaziken\n|\n|-heal|p2a: Overqwil|12/100|[from] item: Black Sludge\n|upkeep\n|\n|t:|1760798555\n|switch|p1a: Zapdos|Zapdos, shiny|82/100\n|turn|23\n|\n|t:|1760798558\n|move|p1a: Zapdos|Volt Switch|p2a: Overqwil\n|-damage|p2a: Overqwil|0 fnt\n|faint|p2a: Overqwil\n|\n|t:|1760798567\n|switch|p1a: Celebi-Hell|Celebi-Hell, F, shiny|100/100|[from] Volt Switch\n|\n|upkeep\n|\n|t:|1760798579\n|switch|p2a: Drifblim-Hell|Drifblim-Hell-Mega, M|32/100\n|-damage|p2a: Drifblim-Hell|20/100|[from] Stealth Rock\n|turn|24\n|\n|t:|1760798631\n|move|p1a: Celebi-Hell|U-turn|p2a: Drifblim-Hell\n|-resisted|p2a: Drifblim-Hell\n|-damage|p2a: Drifblim-Hell|14/100\n|\n|t:|1760798634\n|switch|p1a: Flutter Lame|Flutter Lame, F, shiny|100/100|[from] U-turn\n|-enditem|p1a: Flutter Lame|Booster Energy\n|-activate|p1a: Flutter Lame|ability: Protosynthesis|[fromitem]\n|-start|p1a: Flutter Lame|protosynthesisspa\n|move|p2a: Drifblim-Hell|Strength Sap|p1a: Flutter Lame\n|-unboost|p1a: Flutter Lame|atk|1\n|-heal|p2a: Drifblim-Hell|45/100\n|\n|upkeep\n|turn|25\n|\n|t:|1760798648\n|move|p1a: Flutter Lame|Psyshock|p2a: Drifblim-Hell\n|-supereffective|p2a: Drifblim-Hell\n|-damage|p2a: Drifblim-Hell|0 fnt\n|faint|p2a: Drifblim-Hell\n|detailschange|p2: Drifblim-Hell|Drifblim-Hell, M|[silent]\n|\n|upkeep\n|\n|t:|1760798653\n|switch|p2a: Iron Saw|Iron Saw, F, shiny|81/100\n|turn|26\n|\n|t:|1760798665\n|-end|p1a: Flutter Lame|Protosynthesis|[silent]\n|switch|p1a: Zapdos|Zapdos, shiny|82/100\n|move|p2a: Iron Saw|Iron Head|p1a: Zapdos\n|-resisted|p1a: Zapdos\n|-damage|p1a: Zapdos|69/100\n|\n|upkeep\n|turn|27\n|\n|t:|1760798669\n|move|p2a: Iron Saw|Rapid Spin|p1a: Zapdos\n|-damage|p1a: Zapdos|56/100\n|-boost|p2a: Iron Saw|spe|1\n|-sideend|p2: chub hub|Stealth Rock|[from] move: Rapid Spin|[of] p2a: Iron Saw\n|move|p1a: Zapdos|Reflect|p1a: Zapdos\n|-sidestart|p1: ElysianSoul222|Reflect\n|\n|upkeep\n|turn|28\n|\n|t:|1760798676\n|move|p2a: Iron Saw|Iron Head|p1a: Zapdos\n|-resisted|p1a: Zapdos\n|-damage|p1a: Zapdos|50/100\n|move|p1a: Zapdos|Roost|p1a: Zapdos\n|-heal|p1a: Zapdos|99/100\n|-singleturn|p1a: Zapdos|move: Roost\n|\n|upkeep\n|turn|29\n|\n|t:|1760798680\n|-end|p2a: Iron Saw|Quark Drive|[silent]\n|switch|p2a: Mamoswine|Mamoswine, F, shiny|100/100\n|move|p1a: Zapdos|Volt Switch|p2a: Mamoswine\n|-immune|p2a: Mamoswine\n|\n|upkeep\n|turn|30\n|\n|t:|1760798687\n|move|p2a: Mamoswine|Icicle Crash|p1a: Zapdos\n|-supereffective|p1a: Zapdos\n|-damage|p1a: Zapdos|68/100\n|move|p1a: Zapdos|Hurricane|p2a: Mamoswine|[miss]\n|-miss|p1a: Zapdos|p2a: Mamoswine\n|\n|upkeep\n|turn|31\n|\n|t:|1760798698\n|switch|p1a: Silk Road|Araquanid, F, shiny|87/100\n|move|p2a: Mamoswine|Icicle Crash|p1a: Silk Road\n|-resisted|p1a: Silk Road\n|-damage|p1a: Silk Road|79/100\n|\n|upkeep\n|turn|32\n|\n|t:|1760798732\n|switch|p2a: Scream Tail|Scream Tail, shiny|100/100\n|move|p1a: Silk Road|Liquidation|p2a: Scream Tail\n|-damage|p2a: Scream Tail|68/100\n|-unboost|p2a: Scream Tail|def|1\n|\n|upkeep\n|turn|33\n|\n|t:|1760798740\n|move|p2a: Scream Tail|Wish|p2a: Scream Tail\n|move|p1a: Silk Road|Liquidation|p2a: Scream Tail\n|-damage|p2a: Scream Tail|13/100\n|\n|upkeep\n|turn|34\n|\n|t:|1760798753\n|move|p2a: Scream Tail|Thunder Wave|p1a: Silk Road\n|-status|p1a: Silk Road|par\n|move|p1a: Silk Road|Liquidation|p2a: Scream Tail\n|-damage|p2a: Scream Tail|0 fnt\n|faint|p2a: Scream Tail\n|-end|p2a: Scream Tail|Protosynthesis|[silent]\n|\n|-sideend|p1: ElysianSoul222|Reflect\n|upkeep\n|\n|t:|1760798795\n|switch|p2a: Iron Boulder|Iron Boulder|100/100\n|-enditem|p2a: Iron Boulder|Booster Energy\n|-activate|p2a: Iron Boulder|ability: Quark Drive|[fromitem]\n|-start|p2a: Iron Boulder|quarkdrivespe\n|turn|35\n|\n|t:|1760798807\n|-terastallize|p2a: Iron Boulder|Fighting\n|move|p2a: Iron Boulder|Swords Dance|p2a: Iron Boulder\n|-boost|p2a: Iron Boulder|atk|2\n|cant|p1a: Silk Road|par\n|\n|upkeep\n|turn|36\n|\n|t:|1760798831\n|switch|p1a: Zapdos|Zapdos, shiny|68/100\n|move|p2a: Iron Boulder|Swords Dance|p2a: Iron Boulder\n|-boost|p2a: Iron Boulder|atk|2\n|\n|upkeep\n|turn|37\n|\n|t:|1760798836\n|move|p2a: Iron Boulder|Mighty Cleave|p1a: Zapdos\n|-supereffective|p1a: Zapdos\n|-damage|p1a: Zapdos|0 fnt\n|-status|p2a: Iron Boulder|par|[from] ability: Static|[of] p1a: Zapdos\n|faint|p1a: Zapdos\n|\n|upkeep\n|\n|t:|1760798845\n|switch|p1a: Flutter Lame|Flutter Lame, F, shiny|100/100\n|turn|38\n|\n|t:|1760798855\n|move|p1a: Flutter Lame|Moonblast|p2a: Iron Boulder\n|-supereffective|p2a: Iron Boulder\n|-damage|p2a: Iron Boulder|10/100 par\n|move|p2a: Iron Boulder|Mighty Cleave|p1a: Flutter Lame\n|-damage|p1a: Flutter Lame|0 fnt\n|faint|p1a: Flutter Lame\n|-end|p1a: Flutter Lame|Protosynthesis|[silent]\n|\n|upkeep\n|\n|t:|1760798860\n|switch|p1a: Celebi-Hell|Celebi-Hell, F, shiny|100/100\n|turn|39\n|\n|t:|1760798864\n|move|p2a: Iron Boulder|Earthquake|p1a: Celebi-Hell\n|-supereffective|p1a: Celebi-Hell\n|-damage|p1a: Celebi-Hell|0 fnt\n|faint|p1a: Celebi-Hell\n|\n|upkeep\n|\n|t:|1760798868\n|switch|p1a: Silk Road|Araquanid, F, shiny|79/100 par\n|turn|40\n|\n|t:|1760798874\n|move|p2a: Iron Boulder|Mighty Cleave|p1a: Silk Road\n|-supereffective|p1a: Silk Road\n|-enditem|p1a: Silk Road|Charti Berry|[eat]\n|-enditem|p1a: Silk Road|Charti Berry|[weaken]\n|-damage|p1a: Silk Road|0 fnt\n|faint|p1a: Silk Road\n|\n|win|chub hub\n|c|☆ElysianSoul222|gg\n|c|☆chub hub|gg friend\n|c|☆chub hub|good charti bring. i didnt expect that\n|l| wizzz7\n","players":["ElysianSoul222","chub hub"],"format":"[Gen 9] NatDex Draft","rating":null,"private":1,"password":"4rp8md9dc7n0n5q6r7ka1gwayo45fsa","inputlog":">version 266cd7969f11373d44307dd452d2e51e08c39070\n>start {\"formatid\":\"gen9natdexdraft@@@Tera Type Preview\",\"seed\":\"sodium,1b59da06b4e763d4974a12903c184214\"}\n>player p1 {\"name\":\"ElysianSoul222\",\"avatar\":\"skierf\",\"team\":\"Flutter Lame||BoosterEnergy|Protosynthesis|CalmMind,Moonblast,ShadowBall,Psyshock|Modest|20,,,252,,236|F|,0,,,,|S||,,,,,Ghost]Blaziken||ExpertBelt|SpeedBoost|Protect,ThunderPunch,Earthquake,BlazeKick|Jolly|,252,,,4,252|M||S||,,,,,Electric]Celebi-Hell||Leftovers|MotorDrive|StealthRock,Uturn,IronHead,Recover|Impish|252,,160,,,96|F||S||,,,,,Steel]Zapdos||LightClay|Static|VoltSwitch,Hurricane,Reflect,Roost|Bold|248,,164,,,96|N|,0,,,,|S||,,,,,Electric]Starmie||Starmite|NaturalCure|Scald,FlipTurn,Psyshock,RapidSpin|Timid|248,,108,8,,144|M||S||,,,,,Water]Silk Road|Araquanid|ChartiBerry|WaterBubble|StickyWeb,Liquidation,LeechLife,Infestation|Impish|252,,252,,,4|F||S||,,,,,Water\",\"rating\":0}\n>player p2 {\"name\":\"chub hub\",\"avatar\":\"102\",\"team\":\"Iron Saw||HeavyDutyBoots|QuarkDrive|DrillRun,Uturn,IronHead,RapidSpin|Jolly|,252,24,,,232|F||S||,,,,,Electric]Scream Tail||KasibBerry|Protosynthesis|ThunderWave,StealthRock,Wish,DazzlingGleam|Timid|248,,,8,,252|N|,0,,,,|S||,,,,,Fairy]Overqwil||BlackSludge|Intimidate|ToxicSpikes,Crunch,GunkShot,Liquidation|Careful|248,8,,,252,|F||S||,,,,,Dark]Iron Boulder||BoosterEnergy|QuarkDrive|SwordsDance,MightyCleave,Earthquake,CloseCombat|Jolly|40,252,16,,,200|N||||,Fighting,,,,Fighting]Drifblim-Hell||DrifblimiteHell|PoisonPoint|Scald,StrengthSap,ReflectType,SludgeBomb|Bold|,,252,252,4,|M|,0,,,,|||,,,,,Water]Mamoswine||ChoiceScarf|Oblivious|Earthquake,IcicleCrash,IceShard,Endeavor|Jolly|,252,4,,,252|F||S||,,,,,Ice\",\"rating\":0}\n>chat ☆chub hub|hf family\n>chat ☆ElysianSoul222|u2\n>p1 team 6, 2, 3, 4, 5, 1\n>p2 team 1, 2, 3, 4, 5, 6\n>p1 switch 3\n>p2 move uturn\n>p2 switch 5\n>p1 move uturn\n>p2 move scald mega\n>p1 switch 4\n>p1 move voltswitch\n>p2 switch 6\n>p1 switch 3\n>p2 switch 5\n>p1 move stickyweb\n>p2 move ironhead\n>p1 switch 4\n>p2 move rapidspin\n>p1 move uturn\n>p2 switch 3\n>p1 switch 3\n>p1 move reflect\n>p2 move toxicspikes\n>p1 move roost\n>p2 switch 2\n>p1 switch 3\n>p2 move stealthrock\n>p1 move stealthrock\n>p2 move thunderwave\n>chat ☆chub hub|rip\n>p1 move uturn\n>p2 switch 6\n>p1 switch 5\n>p1 move rapidspin\n>p2 switch 2\n>p1 move flipturn\n>p2 move toxicspikes\n>p1 switch 3\n>p1 move hurricane\n>p2 move gunkshot\n>p1 move voltswitch\n>p2 switch 3\n>p1 switch 5\n>p1 move ironhead\n>p2 move uturn\n>p2 switch 2\n>p1 move uturn\n>p2 move strengthsap\n>p1 switch 3\n>p1 move rapidspin\n>p2 move sludgebomb\n>p1 switch 2\n>p1 move thunderpunch terastallize\n>p2 move scald\n>p1 move thunderpunch\n>p2 switch 3\n>p1 move earthquake\n>p2 move crunch\n>p1 switch 5\n>p1 move voltswitch\n>p2 move toxicspikes\n>p1 switch 3\n>p2 switch 3\n>p1 move uturn\n>p2 move strengthsap\n>p1 switch 6\n>p1 move psyshock\n>p2 move sludgebomb\n>p2 switch 2\n>p1 switch 3\n>p2 move ironhead\n>p1 move reflect\n>p2 move rapidspin\n>p1 move roost\n>p2 move ironhead\n>p1 move voltswitch\n>p2 switch 5\n>p1 move hurricane\n>p2 move iciclecrash\n>p1 switch 4\n>p2 move iciclecrash\n>p1 move liquidation\n>p2 switch 6\n>p1 move liquidation\n>p2 move wish\n>p1 move liquidation\n>p2 move thunderwave\n>p2 switch 4\n>p1 move liquidation\n>p2 move swordsdance terastallize\n>p1 switch 4\n>p2 move swordsdance\n>p1 move hurricane\n>p2 move mightycleave\n>p1 switch 3\n>p1 move moonblast\n>p2 move mightycleave\n>p1 switch 6\n>p1 move ironhead\n>p2 move earthquake\n>p1 switch 4\n>p1 move liquidation\n>p2 move mightycleave","uploadtime":1760798901}