{"id":"gen9natdexdraft-393","log":"|j|☆lols/bolt strika\n|j|☆GooseFragger\n|t:|1763158885\n|gametype|singles\n|player|p1|lols/bolt strika|caitlin|\n|player|p2|GooseFragger|266|\n|gen|9\n|tier|[Gen 9] NatDex Draft\n|rule|Tera Type Preview: Tera Types are shown at Team Preview\n|rule|Sleep Clause Mod: Limit one foe put to sleep\n|rule|OHKO Clause: OHKO moves are banned\n|rule|Evasion Clause: Evasion abilities, items, and moves are banned\n|rule|Evasion Abilities Clause: Evasion abilities are banned\n|rule|Evasion Items Clause: Evasion items are banned\n|rule|Evasion Moves Clause: Evasion moves are banned\n|rule|Endless Battle Clause: Forcing endless battles is banned\n|rule|HP Percentage Mod: HP is shown in percentages\n|raw|<div class=\"infobox\"><details class=\"readmore\" open><summary><strong>1 custom rule:</strong></summary> Tera Type Preview</details></div>\n|clearpoke\n|poke|p1|Elecprobe|\n|poke|p1|Gholdengo-Sea, M|\n|poke|p1|Ting-Lu|\n|poke|p1|Altaria-Hell, F|\n|poke|p1|Jirachi|\n|poke|p1|Mienshao, F|\n|poke|p2|Flygon, F|\n|poke|p2|Gardevoir-Hell, M|\n|poke|p2|Lugaya, M|\n|poke|p2|Corviknight, M|\n|poke|p2|Gloomhorn, F|\n|poke|p2|Munkidori, M|\n|raw|lols/bolt strika's Tera Types:<br /><psicon pokemon=\"elecprobe\" /><psicon type=\"Fairy\" /> / <psicon pokemon=\"gholdengosea\" /><psicon type=\"Ghost\" /> / <psicon pokemon=\"tinglu\" /><psicon type=\"Dark\" /> / <psicon pokemon=\"altariahell\" /><psicon type=\"Fire\" /> / <psicon pokemon=\"jirachi\" /><psicon type=\"Steel\" /> / <psicon pokemon=\"mienshao\" /><psicon type=\"Fighting\" />\n|raw|GooseFragger's Tera Types:<br /><psicon pokemon=\"flygon\" /><psicon type=\"Ground\" /> / <psicon pokemon=\"gardevoirhell\" /><psicon type=\"Fairy\" /> / <psicon pokemon=\"lugaya\" /><psicon type=\"Poison\" /> / <psicon pokemon=\"corviknight\" /><psicon type=\"Flying\" /> / <psicon pokemon=\"gloomhorn\" /><psicon type=\"Dark\" /> / <psicon pokemon=\"munkidori\" /><psicon type=\"Poison\" />\n|teampreview\n|c|☆GooseFragger|good luck\n|c|☆lols/bolt strika|u2\n|j|~SparksTheNeo\n|c|~SparksTheNeo|monkey\n|\n|t:|1763158920\n|teamsize|p1|6\n|teamsize|p2|6\n|start\n|switch|p1a: Demeter|Elecprobe, shiny|100/100\n|switch|p2a: Lugaya|Lugaya, M|100/100\n|-ability|p2a: Lugaya|Pressure\n|turn|1\n|\n|t:|1763158942\n|-terastallize|p2a: Lugaya|Poison\n|move|p1a: Demeter|Volt Switch|p2a: Lugaya\n|-damage|p2a: Lugaya|73/100\n|\n|t:|1763158948\n|switch|p1a: Gaia|Ting-Lu|100/100|[from] Volt Switch\n|-ability|p1a: Gaia|Vessel of Ruin\n|move|p2a: Lugaya|Tera Blast|p1a: Gaia|[anim] Tera Blast Poison\n|-resisted|p1a: Gaia\n|-damage|p1a: Gaia|94/100\n|\n|-heal|p2a: Lugaya|79/100|[from] item: Leftovers\n|-heal|p1a: Gaia|100/100|[from] item: Leftovers\n|upkeep\n|turn|2\n|\n|t:|1763158962\n|switch|p2a: Corviknight|Corviknight, M|100/100\n|-ability|p2a: Corviknight|Pressure\n|move|p1a: Gaia|Stealth Rock|p2a: Corviknight\n|-sidestart|p2: GooseFragger|move: Stealth Rock\n|\n|upkeep\n|turn|3\n|\n|t:|1763158967\n|move|p2a: Corviknight|U-turn|p1a: Gaia\n|-supereffective|p1a: Gaia\n|-damage|p1a: Gaia|87/100\n|\n|t:|1763158976\n|switch|p2a: Flygon|Flygon, F|100/100|[from] U-turn\n|-damage|p2a: Flygon|95/100|[from] Stealth Rock\n|move|p1a: Gaia|Spikes|p2a: Flygon\n|-sidestart|p2: GooseFragger|Spikes\n|\n|-heal|p1a: Gaia|93/100|[from] item: Leftovers\n|upkeep\n|turn|4\n|\n|t:|1763158989\n|detailschange|p2a: Flygon|Flygon-Mega-A, F\n|-mega|p2a: Flygon|Flygon|Flygonite A\n|move|p2a: Flygon|U-turn|p1a: Gaia\n|-supereffective|p1a: Gaia\n|-damage|p1a: Gaia|50/100\n|\n|t:|1763158993\n|switch|p2a: Corviknight|Corviknight, M|100/100|[from] U-turn\n|-damage|p2a: Corviknight|88/100|[from] Stealth Rock\n|-ability|p2a: Corviknight|Pressure\n|move|p1a: Gaia|Whirlwind|p2a: Corviknight\n|drag|p2a: Munkidori|Munkidori, M|100/100\n|-damage|p2a: Munkidori|88/100|[from] Stealth Rock\n|-damage|p2a: Munkidori|76/100|[from] Spikes\n|\n|-heal|p1a: Gaia|57/100|[from] item: Leftovers\n|upkeep\n|turn|5\n|\n|t:|1763159000\n|move|p2a: Munkidori|Focus Blast|p1a: Gaia|[miss]\n|-miss|p2a: Munkidori|p1a: Gaia\n|move|p1a: Gaia|Earthquake|p2a: Munkidori\n|-supereffective|p2a: Munkidori\n|-damage|p2a: Munkidori|0 fnt\n|faint|p2a: Munkidori\n|\n|-heal|p1a: Gaia|63/100|[from] item: Leftovers\n|upkeep\n|\n|t:|1763159005\n|switch|p2a: Corviknight|Corviknight, M|88/100\n|-damage|p2a: Corviknight|76/100|[from] Stealth Rock\n|-ability|p2a: Corviknight|Pressure\n|turn|6\n|\n|t:|1763159007\n|switch|p1a: Oceanus|Gholdengo-Sea, M, shiny|100/100\n|move|p2a: Corviknight|Defog|p1a: Oceanus\n|-immune|p1a: Oceanus|[from] ability: Good as Gold\n|\n|upkeep\n|turn|7\n|\n|t:|1763159011\n|move|p1a: Oceanus|Surf|p2a: Corviknight\n|-damage|p2a: Corviknight|37/100\n|move|p2a: Corviknight|U-turn|p1a: Oceanus\n|-resisted|p1a: Oceanus\n|-damage|p1a: Oceanus|94/100\n|\n|t:|1763159016\n|switch|p2a: Gardevoir-Hell|Gardevoir-Hell, M|100/100|[from] U-turn\n|\n|-heal|p1a: Oceanus|99/100|[from] item: Leftovers\n|upkeep\n|turn|8\n|\n|t:|1763159020\n|move|p1a: Oceanus|Surf|p2a: Gardevoir-Hell\n|-supereffective|p2a: Gardevoir-Hell\n|-damage|p2a: Gardevoir-Hell|20/100\n|move|p2a: Gardevoir-Hell|Light of Ruin|p1a: Oceanus\n|-damage|p1a: Oceanus|5/100\n|\n|-heal|p1a: Oceanus|11/100|[from] item: Leftovers\n|upkeep\n|turn|9\n|\n|t:|1763159030\n|switch|p2a: Lugaya|Lugaya, M, tera:Poison|79/100\n|-damage|p2a: Lugaya|67/100|[from] Stealth Rock\n|-damage|p2a: Lugaya|54/100|[from] Spikes\n|-ability|p2a: Lugaya|Pressure\n|move|p1a: Oceanus|Surf|p2a: Lugaya\n|-damage|p2a: Lugaya|34/100\n|\n|-heal|p1a: Oceanus|17/100|[from] item: Leftovers\n|-heal|p2a: Lugaya|40/100|[from] item: Leftovers\n|upkeep\n|turn|10\n|\n|t:|1763159036\n|move|p1a: Oceanus|Recover|p1a: Oceanus\n|-heal|p1a: Oceanus|67/100\n|move|p2a: Lugaya|Thunderbolt|p1a: Oceanus\n|-supereffective|p1a: Oceanus\n|-damage|p1a: Oceanus|35/100\n|\n|-heal|p1a: Oceanus|41/100|[from] item: Leftovers\n|-heal|p2a: Lugaya|46/100|[from] item: Leftovers\n|upkeep\n|turn|11\n|\n|t:|1763159039\n|move|p1a: Oceanus|Recover|p1a: Oceanus\n|-heal|p1a: Oceanus|91/100\n|move|p2a: Lugaya|Calm Mind|p2a: Lugaya\n|-boost|p2a: Lugaya|spa|1\n|-boost|p2a: Lugaya|spd|1\n|\n|-heal|p1a: Oceanus|97/100|[from] item: Leftovers\n|-heal|p2a: Lugaya|52/100|[from] item: Leftovers\n|upkeep\n|turn|12\n|\n|t:|1763159045\n|switch|p1a: Gaia|Ting-Lu|63/100\n|-ability|p1a: Gaia|Vessel of Ruin\n|move|p2a: Lugaya|Calm Mind|p2a: Lugaya\n|-boost|p2a: Lugaya|spa|1\n|-boost|p2a: Lugaya|spd|1\n|\n|-heal|p2a: Lugaya|58/100|[from] item: Leftovers\n|-heal|p1a: Gaia|69/100|[from] item: Leftovers\n|upkeep\n|turn|13\n|\n|t:|1763159054\n|switch|p2a: Corviknight|Corviknight, M|37/100\n|-damage|p2a: Corviknight|25/100|[from] Stealth Rock\n|-ability|p2a: Corviknight|Pressure\n|move|p1a: Gaia|Whirlwind|p2a: Corviknight\n|drag|p2a: Flygon|Flygon-Mega-A, F|95/100\n|-damage|p2a: Flygon|70/100|[from] Stealth Rock\n|-damage|p2a: Flygon|57/100|[from] Spikes\n|\n|-heal|p1a: Gaia|75/100|[from] item: Leftovers\n|upkeep\n|turn|14\n|\n|t:|1763159062\n|move|p2a: Flygon|Dragon Dance|p2a: Flygon\n|-boost|p2a: Flygon|atk|1\n|-boost|p2a: Flygon|spe|1\n|move|p1a: Gaia|Whirlwind|p2a: Flygon\n|drag|p2a: Gloomhorn|Gloomhorn, F|100/100\n|-damage|p2a: Gloomhorn|88/100|[from] Stealth Rock\n|-damage|p2a: Gloomhorn|76/100|[from] Spikes\n|\n|-heal|p1a: Gaia|81/100|[from] item: Leftovers\n|-heal|p2a: Gloomhorn|82/100|[from] item: Leftovers\n|upkeep\n|turn|15\n|\n|t:|1763159075\n|switch|p1a: Aphrodite|Altaria-Hell, F, shiny|100/100\n|move|p2a: Gloomhorn|U-turn|p1a: Aphrodite\n|-resisted|p1a: Aphrodite\n|-damage|p1a: Aphrodite|90/100\n|\n|t:|1763159080\n|switch|p2a: Flygon|Flygon-Mega-A, F|57/100|[from] U-turn\n|-damage|p2a: Flygon|32/100|[from] Stealth Rock\n|-damage|p2a: Flygon|20/100|[from] Spikes\n|\n|upkeep\n|turn|16\n|\n|t:|1763159086\n|move|p2a: Flygon|Earthquake|p1a: Aphrodite\n|-immune|p1a: Aphrodite\n|move|p1a: Aphrodite|Play Rough|p2a: Flygon\n|-supereffective|p2a: Flygon\n|-damage|p2a: Flygon|0 fnt\n|faint|p2a: Flygon\n|detailschange|p2: Flygon|Flygon, F|[silent]\n|\n|upkeep\n|\n|t:|1763159093\n|switch|p2a: Gloomhorn|Gloomhorn, F|82/100\n|-damage|p2a: Gloomhorn|70/100|[from] Stealth Rock\n|-damage|p2a: Gloomhorn|57/100|[from] Spikes\n|turn|17\n|\n|t:|1763159096\n|detailschange|p1a: Aphrodite|Altaria-Hell-Mega, F, shiny\n|-mega|p1a: Aphrodite|Altaria-Hell|Altarite HELL\n|move|p1a: Aphrodite|Dragon Dance|p1a: Aphrodite\n|-boost|p1a: Aphrodite|atk|1\n|-boost|p1a: Aphrodite|spe|1\n|move|p2a: Gloomhorn|Swords Dance|p2a: Gloomhorn\n|-boost|p2a: Gloomhorn|atk|2\n|\n|-heal|p2a: Gloomhorn|63/100|[from] item: Leftovers\n|upkeep\n|turn|18\n|\n|t:|1763159103\n|move|p2a: Gloomhorn|Shadow Sneak|p1a: Aphrodite\n|-damage|p1a: Aphrodite|4/100\n|move|p1a: Aphrodite|Flare Blitz|p2a: Gloomhorn\n|-damage|p2a: Gloomhorn|0 fnt\n|faint|p2a: Gloomhorn\n|\n|upkeep\n|\n|t:|1763159112\n|switch|p2a: Lugaya|Lugaya, M, tera:Poison|58/100\n|-damage|p2a: Lugaya|46/100|[from] Stealth Rock\n|-damage|p2a: Lugaya|33/100|[from] Spikes\n|-ability|p2a: Lugaya|Pressure\n|turn|19\n|\n|t:|1763159113\n|move|p1a: Aphrodite|Flare Blitz|p2a: Lugaya\n|-damage|p2a: Lugaya|0 fnt\n|faint|p2a: Lugaya\n|\n|upkeep\n|c|☆GooseFragger|gg lol\n|\n|t:|1763159118\n|switch|p2a: Corviknight|Corviknight, M|25/100\n|-damage|p2a: Corviknight|12/100|[from] Stealth Rock\n|-ability|p2a: Corviknight|Pressure\n|turn|20\n|c|☆lols/bolt strika|gg\n|\n|t:|1763159123\n|move|p1a: Aphrodite|Flare Blitz|p2a: Corviknight\n|-supereffective|p2a: Corviknight\n|-damage|p2a: Corviknight|0 fnt\n|faint|p2a: Corviknight\n|\n|upkeep\n|\n|t:|1763159125\n|switch|p2a: Gardevoir-Hell|Gardevoir-Hell, M|20/100\n|turn|21\n|\n|t:|1763159129\n|move|p1a: Aphrodite|Flare Blitz|p2a: Gardevoir-Hell\n|-damage|p2a: Gardevoir-Hell|0 fnt\n|faint|p2a: Gardevoir-Hell\n|\n|win|lols/bolt strika\n","players":["lols/bolt strika","GooseFragger"],"format":"[Gen 9] NatDex Draft","rating":null,"private":0,"password":null,"inputlog":">version 19226fd8189bb53d85415584f06aa21789a3c230\n>start {\"formatid\":\"gen9natdexdraft@@@Tera Type Preview\",\"seed\":\"sodium,1023165006aa9c14c1e5fa85e79c40ea\"}\n>player p1 {\"name\":\"lols/bolt strika\",\"avatar\":\"caitlin\",\"team\":\"Demeter|Elecprobe|ChoiceSpecs|Static|GigaDrain,ElectroDrift,VoltSwitch,TeraBlast|Modest|8,,152,232,12,104|N||S||,,,,,Fairy]Oceanus|GholdengoSea|Leftovers|GoodasGold|Surf,ShadowBall,ThunderWave,Recover|Timid|252,,20,4,8,224|M|,0,,,,|S||,,,,,Ghost]Gaia|TingLu|Leftovers|VesselofRuin|StealthRock,Spikes,Earthquake,Whirlwind|Impish|4,12,248,,112,132|N||||,,,,,Dark]Aphrodite|AltariaHell|AltariteHELL|NaturalCure|DragonDance,PlayRough,FlareBlitz,Roost|Careful|40,36,12,,176,244|F||S||,,,,,Fire]Hephaestus|Jirachi|ShucaBerry|SereneGrace|ThunderWave,IronHead,Wish,Protect|Impish|248,,72,,12,176|N||S||,,,,,Steel]Athena|Mienshao|AssaultVest|Regenerator|KnockOff,CloseCombat,Uturn,TripleAxel|Adamant|8,180,152,,12,156|F||S||,,,,,Fighting\",\"rating\":0}\n>player p2 {\"name\":\"GooseFragger\",\"avatar\":\"266\",\"team\":\"Flygon||FlygoniteA|Levitate|Uturn,Earthquake,Crunch,DragonDance|Adamant|,252,,,4,252|F||||,,,,,Ground]Gardevoir-Hell||LifeOrb|MagicGuard|EarthPower,LightofRuin,Agility,Psychic|Modest|,,,252,4,252|M|,0,,,,|||,,,,,Fairy]Lugaya||Leftovers|Pressure|Toxic,TeraBlast,CalmMind,Thunderbolt|Calm|252,,4,,252,|M||||,,,,,Poison]Corviknight||RockyHelmet|Pressure|Uturn,Roost,Defog,BodyPress|Impish|248,,252,,8,|M||||,,,,,Flying]Gloomhorn||Leftovers|Technician|SwordsDance,ShadowSneak,MachPunch,Uturn|Adamant|252,252,,,4,|F||||,,,,,Dark]Munkidori||ChoiceSpecs|ToxicChain|Psychic,ShadowBall,SludgeWave,FocusBlast|Timid|,,,252,4,252|M|,0,,,,|||,,,,,Poison\",\"rating\":0}\n>chat ☆GooseFragger|good luck\n>chat ☆lols/bolt strika|u2\n>chat ~SparksTheNeo|monkey\n>p1 team 1, 2, 3, 4, 5, 6\n>p2 team 3, 2, 1, 4, 5, 6\n>p1 move voltswitch\n>p2 move terablast terastallize\n>p1 switch 3\n>p1 move stealthrock\n>p2 switch 4\n>p1 move spikes\n>p2 move uturn\n>p2 switch 3\n>p1 move whirlwind\n>p2 move uturn mega\n>p2 switch 3\n>p1 move earthquake\n>p2 move focusblast\n>p2 switch 6\n>p1 switch 2\n>p2 move defog\n>p1 move surf\n>p2 move uturn\n>p2 switch 2\n>p1 move surf\n>p2 move lightofruin\n>p1 move surf\n>p2 switch 4\n>p1 move recover\n>p2 move thunderbolt\n>p1 move recover\n>p2 move calmmind\n>p1 switch 2\n>p2 move calmmind\n>p1 move whirlwind\n>p2 switch 2\n>p1 move whirlwind\n>p2 move dragondance\n>p1 switch 4\n>p2 move uturn\n>p2 switch 5\n>p1 move playrough\n>p2 move earthquake\n>p2 switch 5\n>p1 move dragondance mega\n>p2 move swordsdance\n>p1 move flareblitz\n>p2 move shadowsneak\n>p2 switch 2\n>p1 move flareblitz\n>p2 move terablast\n>chat ☆GooseFragger|gg lol\n>p2 switch 3\n>chat ☆lols/bolt strika|gg\n>p1 move flareblitz\n>p2 move uturn\n>p2 switch 4\n>p1 move flareblitz\n>p2 move earthpower","uploadtime":1763159143}