{"id":"gen9natdexdraft-200","log":"|j|☆CynfulBehavior\n|j|☆Will0wl\n|t:|1766093768\n|gametype|singles\n|player|p1|CynfulBehavior|cynthia|\n|player|p2|Will0wl|169|\n|gen|9\n|tier|[Gen 9] NatDex Draft\n|rule|Sleep Clause Mod: Limit one foe put to sleep\n|rule|OHKO Clause: OHKO moves are banned\n|rule|Evasion Clause: Evasion abilities, items, and moves are banned\n|rule|Evasion Abilities Clause: Evasion abilities are banned\n|rule|Evasion Items Clause: Evasion items are banned\n|rule|Evasion Moves Clause: Evasion moves are banned\n|rule|Endless Battle Clause: Forcing endless battles is banned\n|rule|HP Percentage Mod: HP is shown in percentages\n|clearpoke\n|poke|p1|Weavile, F|\n|poke|p1|Iron Treads|\n|poke|p1|Blissey, F|\n|poke|p1|Dragonite, M|\n|poke|p1|Conkeldurr, F|\n|poke|p1|Ogerpon-Wellspring, F|\n|poke|p2|Feraligatr, M|\n|poke|p2|Ursaluna-Bloodmoon, M|\n|poke|p2|Incineroar, F|\n|poke|p2|Klefki, F|\n|poke|p2|Throh, M|\n|poke|p2|Toedscruel, M|\n|teampreview\n|c|☆Will0wl|gl hf\n|c|☆CynfulBehavior|u2\n|\n|t:|1766093824\n|teamsize|p1|6\n|teamsize|p2|6\n|start\n|switch|p1a: Cloth|Conkeldurr, F|100/100\n|switch|p2a: WhereRU|Klefki, F|100/100\n|turn|1\n|\n|t:|1766093906\n|move|p2a: WhereRU|Thunder Wave|p1a: Cloth\n|-status|p1a: Cloth|par\n|move|p1a: Cloth|Knock Off|p2a: WhereRU\n|-resisted|p2a: WhereRU\n|-damage|p2a: WhereRU|76/100\n|-enditem|p2a: WhereRU|Light Clay|[from] move: Knock Off|[of] p1a: Cloth\n|\n|upkeep\n|turn|2\n|j| SadieDraft\n|\n|t:|1766093914\n|move|p2a: WhereRU|Play Rough|p1a: Cloth\n|-supereffective|p1a: Cloth\n|-damage|p1a: Cloth|61/100 par\n|move|p1a: Cloth|Drain Punch|p2a: WhereRU\n|-damage|p2a: WhereRU|23/100\n|-heal|p1a: Cloth|81/100 par|[from] drain|[of] p2a: WhereRU\n|\n|upkeep\n|turn|3\n|\n|t:|1766093932\n|switch|p1a: Steel Soul Jinn|Iron Treads, shiny|100/100\n|move|p2a: WhereRU|Spikes|p1a: Steel Soul Jinn\n|-sidestart|p1: CynfulBehavior|Spikes\n|\n|upkeep\n|turn|4\n|\n|t:|1766093956\n|move|p2a: WhereRU|Light Screen|p2a: WhereRU\n|-sidestart|p2: Will0wl|move: Light Screen\n|move|p1a: Steel Soul Jinn|Earthquake|p2a: WhereRU\n|-supereffective|p2a: WhereRU\n|-damage|p2a: WhereRU|0 fnt\n|faint|p2a: WhereRU\n|\n|upkeep\n|\n|t:|1766093977\n|switch|p2a: Theodore|Ursaluna-Bloodmoon, M|100/100\n|turn|5\n|j| bristolcitybewears\n|\n|t:|1766094038\n|move|p1a: Steel Soul Jinn|Knock Off|p2a: Theodore\n|-damage|p2a: Theodore|78/100\n|-enditem|p2a: Theodore|Leftovers|[from] move: Knock Off|[of] p1a: Steel Soul Jinn\n|move|p2a: Theodore|Blood Moon|p1a: Steel Soul Jinn\n|-resisted|p1a: Steel Soul Jinn\n|-damage|p1a: Steel Soul Jinn|40/100\n|\n|-heal|p1a: Steel Soul Jinn|46/100|[from] item: Leftovers\n|upkeep\n|turn|6\n|\n|t:|1766094049\n|-end|p1a: Steel Soul Jinn|Quark Drive|[silent]\n|switch|p1a: The White Lady|Blissey, F, shiny|100/100\n|-damage|p1a: The White Lady|88/100|[from] Spikes\n|move|p2a: Theodore|Earth Power|p1a: The White Lady\n|-damage|p1a: The White Lady|70/100\n|\n|-heal|p1a: The White Lady|76/100|[from] item: Leftovers\n|upkeep\n|turn|7\n|\n|t:|1766094089\n|switch|p2a: Screwdriver|Toedscruel, M, shiny|100/100\n|switch|p1a: God Tamer|Ogerpon-Wellspring, F|100/100\n|-damage|p1a: God Tamer|88/100|[from] Spikes\n|\n|upkeep\n|turn|8\n|\n|t:|1766094101\n|move|p1a: God Tamer|Ivy Cudgel|p2a: Screwdriver|[anim] Ivy Cudgel Water\n|-damage|p2a: Screwdriver|34/100\n|move|p2a: Screwdriver|Toxic Spikes|p1a: God Tamer\n|-sidestart|p1: CynfulBehavior|move: Toxic Spikes\n|\n|-sideend|p2: Will0wl|move: Light Screen\n|upkeep\n|turn|9\n|\n|t:|1766094120\n|move|p1a: God Tamer|Ivy Cudgel|p2a: Screwdriver|[anim] Ivy Cudgel Water\n|-damage|p2a: Screwdriver|0 fnt\n|faint|p2a: Screwdriver\n|\n|upkeep\n|\n|t:|1766094129\n|switch|p2a: Bidet|Feraligatr, M|100/100\n|turn|10\n|\n|t:|1766094174\n|move|p1a: God Tamer|Horn Leech|p2a: Bidet\n|-supereffective|p2a: Bidet\n|-damage|p2a: Bidet|0 fnt\n|-heal|p1a: God Tamer|100/100|[from] drain|[of] p2a: Bidet\n|faint|p2a: Bidet\n|\n|upkeep\n|\n|t:|1766094182\n|switch|p2a: Gato Guerrero|Incineroar, F, shiny|100/100\n|-ability|p2a: Gato Guerrero|Intimidate|boost\n|-unboost|p1a: God Tamer|atk|1\n|turn|11\n|\n|t:|1766094187\n|move|p1a: God Tamer|Ivy Cudgel|p2a: Gato Guerrero|[anim] Ivy Cudgel Water\n|-supereffective|p2a: Gato Guerrero\n|-crit|p2a: Gato Guerrero\n|-damage|p2a: Gato Guerrero|0 fnt\n|faint|p2a: Gato Guerrero\n|\n|upkeep\n|\n|t:|1766094239\n|switch|p2a: Kreacher|Throh, M, shiny|100/100\n|turn|12\n|\n|t:|1766094246\n|move|p1a: God Tamer|U-turn|p2a: Kreacher\n|-resisted|p2a: Kreacher\n|-damage|p2a: Kreacher|92/100\n|\n|t:|1766094252\n|switch|p1a: The Pale King|Dragonite, M|100/100|[from] U-turn\n|move|p2a: Kreacher|Circle Throw|p1a: The Pale King\n|-resisted|p1a: The Pale King\n|-crit|p1a: The Pale King\n|-damage|p1a: The Pale King|93/100\n|drag|p1a: Cloth|Conkeldurr, F|81/100 par\n|-damage|p1a: Cloth|69/100 par|[from] Spikes\n|\n|-heal|p2a: Kreacher|98/100|[from] item: Leftovers\n|upkeep\n|turn|13\n|\n|t:|1766094262\n|cant|p1a: Cloth|par\n|move|p2a: Kreacher|Circle Throw|p1a: Cloth\n|-damage|p1a: Cloth|52/100 par\n|drag|p1a: The Pale King|Dragonite, M|93/100\n|\n|-heal|p2a: Kreacher|100/100|[from] item: Leftovers\n|upkeep\n|turn|14\n|\n|t:|1766094276\n|move|p1a: The Pale King|Dragon Pulse|p2a: Kreacher\n|-crit|p2a: Kreacher\n|-damage|p2a: Kreacher|62/100\n|move|p2a: Kreacher|Circle Throw|p1a: The Pale King|[miss]\n|-miss|p2a: Kreacher|p1a: The Pale King\n|\n|-heal|p2a: Kreacher|68/100|[from] item: Leftovers\n|upkeep\n|turn|15\n|\n|t:|1766094296\n|move|p1a: The Pale King|Ice Beam|p2a: Kreacher\n|-damage|p2a: Kreacher|51/100\n|move|p2a: Kreacher|Rest|p2a: Kreacher\n|-status|p2a: Kreacher|slp|[from] move: Rest\n|-heal|p2a: Kreacher|100/100 slp|[silent]\n|\n|upkeep\n|turn|16\n|\n|t:|1766094302\n|detailschange|p1a: The Pale King|Dragonite-Mega-ZA, M\n|-mega|p1a: The Pale King|Dragonite|DragoniniteZA\n|move|p1a: The Pale King|Dragon Pulse|p2a: Kreacher\n|-damage|p2a: Kreacher|71/100 slp\n|cant|p2a: Kreacher|slp\n|move|p2a: Kreacher|Sleep Talk|p2a: Kreacher\n|move|p2a: Kreacher|Knock Off|p1a: The Pale King|[from] move: Sleep Talk\n|-damage|p1a: The Pale King|76/100\n|\n|-heal|p2a: Kreacher|77/100 slp|[from] item: Leftovers\n|upkeep\n|turn|17\n|\n|t:|1766094312\n|move|p1a: The Pale King|Dragon Pulse|p2a: Kreacher\n|-damage|p2a: Kreacher|42/100 slp\n|cant|p2a: Kreacher|slp\n|move|p2a: Kreacher|Sleep Talk|p2a: Kreacher\n|move|p2a: Kreacher|Rest||[from] move: Sleep Talk|[still]\n|-fail|p2a: Kreacher\n|\n|-heal|p2a: Kreacher|48/100 slp|[from] item: Leftovers\n|upkeep\n|turn|18\n|\n|t:|1766094321\n|move|p1a: The Pale King|Dragon Pulse|p2a: Kreacher\n|-damage|p2a: Kreacher|14/100 slp\n|-curestatus|p2a: Kreacher|slp|[msg]\n|move|p2a: Kreacher|Rest|p2a: Kreacher\n|-status|p2a: Kreacher|slp|[from] move: Rest\n|-heal|p2a: Kreacher|100/100 slp|[silent]\n|\n|upkeep\n|turn|19\n|\n|t:|1766094329\n|switch|p1a: Cloth|Conkeldurr, F|52/100 par\n|-damage|p1a: Cloth|39/100 par|[from] Spikes\n|cant|p2a: Kreacher|slp\n|move|p2a: Kreacher|Sleep Talk|p2a: Kreacher\n|move|p2a: Kreacher|Circle Throw|p1a: Cloth|[from] move: Sleep Talk\n|-crit|p1a: Cloth\n|-damage|p1a: Cloth|0 fnt\n|faint|p1a: Cloth\n|\n|upkeep\n|\n|t:|1766094334\n|switch|p1a: God Tamer|Ogerpon-Wellspring, F|100/100\n|-damage|p1a: God Tamer|88/100|[from] Spikes\n|-status|p1a: God Tamer|psn\n|turn|20\n|\n|t:|1766094342\n|move|p1a: God Tamer|Play Rough|p2a: Kreacher\n|-supereffective|p2a: Kreacher\n|-damage|p2a: Kreacher|36/100 slp\n|cant|p2a: Kreacher|slp\n|move|p2a: Kreacher|Sleep Talk|p2a: Kreacher\n|move|p2a: Kreacher|Knock Off|p1a: God Tamer|[from] move: Sleep Talk\n|-damage|p1a: God Tamer|60/100 psn\n|\n|-heal|p2a: Kreacher|42/100 slp|[from] item: Leftovers\n|-damage|p1a: God Tamer|48/100 psn|[from] psn\n|upkeep\n|turn|21\n|\n|t:|1766094354\n|move|p1a: God Tamer|Ivy Cudgel|p2a: Kreacher|[anim] Ivy Cudgel Water\n|-damage|p2a: Kreacher|0 fnt\n|faint|p2a: Kreacher\n|\n|-damage|p1a: God Tamer|35/100 psn|[from] psn\n|upkeep\n|\n|t:|1766094360\n|switch|p2a: Theodore|Ursaluna-Bloodmoon, M|78/100\n|turn|22\n|\n|t:|1766094364\n|move|p1a: God Tamer|Ivy Cudgel|p2a: Theodore|[anim] Ivy Cudgel Water\n|-supereffective|p2a: Theodore\n|-damage|p2a: Theodore|0 fnt\n|faint|p2a: Theodore\n|\n|win|CynfulBehavior\n|c|☆CynfulBehavior|gg\n|c|☆Will0wl|gg\n|l|☆Will0wl\n|player|p2|\n","players":["CynfulBehavior","Will0wl"],"format":"[Gen 9] NatDex Draft","rating":null,"private":0,"password":null,"inputlog":">version a2ec0c799a860c11f69fe9bab100ad86fb9dfb0a\n>start {\"formatid\":\"gen9natdexdraft\",\"seed\":\"sodium,d03171ee199b82ea0c71aca6e1bad0e6\"}\n>player p1 {\"name\":\"CynfulBehavior\",\"avatar\":\"cynthia\",\"team\":\"Hornet|Weavile|LifeOrb|Pressure|KnockOff,TripleAxel,LowKick,IceShard|Adamant|72,252,,,12,172|F||||,,,,,Dark]Steel Soul Jinn|IronTreads|Leftovers|QuarkDrive|Earthquake,KnockOff,IceSpinner,VoltSwitch|Jolly|52,252,,,,204|N||S||,,,,,Ground]The White Lady|Blissey|Leftovers|NaturalCure|SeismicToss,SoftBoiled,HealingWish,ThunderWave|Bold|252,,252,,4,|F|,0,,,,|S||,,,,,Normal]The Pale King|Dragonite|DragoniniteZA|Multiscale|DragonPulse,Flamethrower,IceBeam,ExtremeSpeed|Modest|244,,,252,,12|M||||,,,,,Dragon]Cloth|Conkeldurr|AssaultVest|Guts|DrainPunch,IcePunch,KnockOff,Facade|Adamant|252,252,,,4,|F||||,,,,,Fighting]God Tamer|OgerponWellspring|WellspringMask|WaterAbsorb|IvyCudgel,HornLeech,PlayRough,Uturn|Jolly|80,252,,,,176|F||||,Poison,,,,Water\",\"rating\":0}\n>player p2 {\"name\":\"Will0wl\",\"avatar\":\"169\",\"team\":\"Bidet|Feraligatr|FeraligiteZA|SheerForce|ShadowClaw,Liquidation,DragonDance,DragonTail|Jolly|,252,4,,,252|M||||,,,,,Water]Theodore|UrsalunaBloodmoon|Leftovers|MindsEye|BloodMoon,CalmMind,EarthPower,Moonlight|Modest|,,56,252,,200|M|,0,,,,|||,,,,,Ground]Gato Guerrero|Incineroar|RockyHelmet|Intimidate|PartingShot,WillOWisp,FlareBlitz,KnockOff|Impish|252,4,252,,,|F||S||,,,,,Fire]WhereRU|Klefki|LightClay|Prankster|Spikes,LightScreen,PlayRough,ThunderWave|Bold|252,,252,,4,|F||||,,,,,Steel]Kreacher|Throh|Leftovers|Guts|Rest,SleepTalk,CircleThrow,KnockOff|Careful|252,4,,,252,|M||S||,,,,,Fighting]Screwdriver|Toedscruel|HeavyDutyBoots|MyceliumMight|ToxicSpikes,RapidSpin,EarthPower,Spore|Timid|4,,252,,,252|M||S||,,,,,Ground\",\"rating\":0}\n>chat ☆Will0wl|gl hf\n>chat ☆CynfulBehavior|u2\n>p1 team 5, 2, 3, 4, 1, 6\n>p2 team 4, 2, 3, 1, 5, 6\n>p1 move knockoff\n>p2 move thunderwave\n>p1 move drainpunch\n>p2 move playrough\n>p1 switch 2\n>p2 move spikes\n>p1 move earthquake\n>p2 move lightscreen\n>p2 switch 2\n>p1 move knockoff\n>p2 move bloodmoon\n>p1 switch 3\n>p2 move earthpower\n>p1 switch 6\n>p2 switch 6\n>p1 move ivycudgel\n>p2 move toxicspikes\n>p1 move ivycudgel\n>p2 move toxicspikes\n>p2 switch 4\n>p1 move hornleech\n>p2 move dragondance\n>p2 switch 3\n>p1 move ivycudgel\n>p2 move willowisp\n>p2 switch 5\n>p1 move uturn\n>p2 move circlethrow\n>p1 switch 4\n>p1 move drainpunch\n>p2 move circlethrow\n>p1 move dragonpulse\n>p2 move circlethrow\n>p1 move icebeam\n>p2 move rest\n>p1 move dragonpulse mega\n>p2 move sleeptalk\n>p1 move dragonpulse\n>p2 move sleeptalk\n>p1 move dragonpulse\n>p2 move rest\n>p1 switch 2\n>p2 move sleeptalk\n>p1 switch 4\n>p1 move playrough\n>p2 move sleeptalk\n>p1 move ivycudgel\n>p2 move rest\n>p2 switch 6\n>p1 move ivycudgel\n>p2 move bloodmoon","uploadtime":1766094388}