{"id":"gen9natdexdraft-192","log":"|j|☆r6_private_ryan\n|j|☆gravitationalballs\n|t:|1766050756\n|gametype|singles\n|player|p1|r6_private_ryan|265|\n|player|p2|gravitationalballs|170|\n|gen|9\n|tier|[Gen 9] NatDex Draft\n|rule|Sleep Clause Mod: Limit one foe put to sleep\n|rule|OHKO Clause: OHKO moves are banned\n|rule|Evasion Clause: Evasion abilities, items, and moves are banned\n|rule|Evasion Abilities Clause: Evasion abilities are banned\n|rule|Evasion Items Clause: Evasion items are banned\n|rule|Evasion Moves Clause: Evasion moves are banned\n|rule|Endless Battle Clause: Forcing endless battles is banned\n|rule|HP Percentage Mod: HP is shown in percentages\n|clearpoke\n|poke|p1|Ursaluna-Bloodmoon, M|\n|poke|p1|Ogerpon-Hearthflame, F|\n|poke|p1|Kilowattrel, F|\n|poke|p1|Scream Tail|\n|poke|p1|Dragalge, F|\n|poke|p1|Darmanitan-Galar, F|\n|poke|p2|Gliscor, M|\n|poke|p2|Zoroark-Hisui, M|\n|poke|p2|Toxapex, M|\n|poke|p2|Melmetal|\n|poke|p2|Roaring Moon|\n|poke|p2|Mimikyu, F|\n|teampreview\n|c|☆r6_private_ryan|Glhf\n|j| CretaceousDraconid\n|c|☆r6_private_ryan|Can U post link \n|c|☆gravitationalballs|done\n|c|☆gravitationalballs|get ready for my slime\n|c|☆r6_private_ryan|Ok\n|j| Bigg Lad\n|\n|t:|1766050824\n|teamsize|p1|6\n|teamsize|p2|6\n|start\n|switch|p1a: Kilowattrel|Kilowattrel, F|100/100\n|switch|p2a: fondling my orb|Gliscor, M|100/100\n|turn|1\n|\n|t:|1766050838\n|move|p1a: Kilowattrel|Tailwind|p1a: Kilowattrel\n|-sidestart|p1: r6_private_ryan|move: Tailwind\n|-start|p1a: Kilowattrel|Charge|Tailwind|[from] ability: Wind Power\n|move|p2a: fondling my orb|Stealth Rock|p1a: Kilowattrel\n|-sidestart|p1: r6_private_ryan|move: Stealth Rock\n|\n|-status|p2a: fondling my orb|tox|[from] item: Toxic Orb\n|upkeep\n|turn|2\n|\n|t:|1766050852\n|switch|p1a: Darmanitan|Darmanitan-Galar, F|100/100\n|-damage|p1a: Darmanitan|75/100|[from] Stealth Rock\n|move|p2a: fondling my orb|Toxic|p1a: Darmanitan\n|-status|p1a: Darmanitan|tox\n|\n|-damage|p1a: Darmanitan|69/100 tox|[from] psn\n|upkeep\n|turn|3\n|\n|t:|1766050867\n|move|p2a: fondling my orb|Protect|p2a: fondling my orb\n|-singleturn|p2a: fondling my orb|Protect\n|move|p1a: Darmanitan|Ice Punch|p2a: fondling my orb\n|-activate|p2a: fondling my orb|move: Protect\n|\n|-damage|p1a: Darmanitan|57/100 tox|[from] psn\n|upkeep\n|turn|4\n|\n|t:|1766050887\n|switch|p2a: THE WALL|Toxapex, M|100/100\n|move|p1a: Darmanitan|Ice Punch|p2a: THE WALL\n|-resisted|p2a: THE WALL\n|-damage|p2a: THE WALL|87/100\n|\n|-damage|p1a: Darmanitan|38/100 tox|[from] psn\n|-sideend|p1: r6_private_ryan|move: Tailwind\n|-formechange|p1a: Darmanitan|Darmanitan-Galar-Zen|\n|upkeep\n|turn|5\n|c|☆r6_private_ryan|I was going to do something but that's planned fucked\n|\n|t:|1766050940\n|-formechange|p1a: Darmanitan|Darmanitan-Galar|[silent]|[from] ability: Zen Mode\n|switch|p1a: Dragalge|Dragalge, F, shiny|100/100\n|-damage|p1a: Dragalge|88/100|[from] Stealth Rock\n|move|p2a: THE WALL|Baneful Bunker||[still]\n|-fail|p2a: THE WALL\n|\n|upkeep\n|turn|6\n|\n|t:|1766050970\n|switch|p2a: fondling my orb|Gliscor, M|100/100 tox\n|detailschange|p1a: Dragalge|Dragalge-Mega-ZA, F, shiny\n|-mega|p1a: Dragalge|Dragalge|DragalgiteZA\n|move|p1a: Dragalge|Thunderbolt|p2a: fondling my orb\n|-immune|p2a: fondling my orb\n|\n|upkeep\n|turn|7\n|\n|t:|1766050983\n|switch|p1a: Kilowattrel|Kilowattrel, F|100/100\n|-damage|p1a: Kilowattrel|76/100|[from] Stealth Rock\n|move|p2a: fondling my orb|Earthquake|p1a: Kilowattrel\n|-immune|p1a: Kilowattrel\n|\n|upkeep\n|turn|8\n|\n|t:|1766050992\n|move|p1a: Kilowattrel|Hurricane|p2a: fondling my orb|[miss]\n|-miss|p1a: Kilowattrel|p2a: fondling my orb\n|move|p2a: fondling my orb|Toxic|p1a: Kilowattrel\n|-status|p1a: Kilowattrel|tox\n|\n|-damage|p1a: Kilowattrel|70/100 tox|[from] psn\n|upkeep\n|turn|9\n|\n|t:|1766050999\n|move|p2a: fondling my orb|Protect|p2a: fondling my orb\n|-singleturn|p2a: fondling my orb|Protect\n|move|p1a: Kilowattrel|Tailwind|p1a: Kilowattrel\n|-sidestart|p1: r6_private_ryan|move: Tailwind\n|-start|p1a: Kilowattrel|Charge|Tailwind|[from] ability: Wind Power\n|\n|-damage|p1a: Kilowattrel|57/100 tox|[from] psn\n|upkeep\n|turn|10\n|\n|t:|1766051007\n|move|p1a: Kilowattrel|Hurricane|p2a: fondling my orb|[miss]\n|-miss|p1a: Kilowattrel|p2a: fondling my orb\n|move|p2a: fondling my orb|Earthquake|p1a: Kilowattrel\n|-immune|p1a: Kilowattrel\n|\n|-damage|p1a: Kilowattrel|39/100 tox|[from] psn\n|upkeep\n|turn|11\n|\n|t:|1766051017\n|switch|p1a: Scream Tail|Scream Tail|100/100\n|-damage|p1a: Scream Tail|88/100|[from] Stealth Rock\n|-enditem|p1a: Scream Tail|Booster Energy\n|-activate|p1a: Scream Tail|ability: Protosynthesis|[fromitem]\n|-start|p1a: Scream Tail|protosynthesisspe\n|move|p2a: fondling my orb|Protect||[still]\n|-fail|p2a: fondling my orb\n|\n|upkeep\n|turn|12\n|c|☆r6_private_ryan|That sucks \n|\n|t:|1766051065\n|switch|p2a: im fisting it|Melmetal|100/100\n|move|p1a: Scream Tail|Wish|p1a: Scream Tail\n|\n|-sideend|p1: r6_private_ryan|move: Tailwind\n|upkeep\n|turn|13\n|\n|t:|1766051074\n|move|p1a: Scream Tail|Baton Pass|p1a: Scream Tail\n|\n|t:|1766051080\n|-end|p1a: Scream Tail|Protosynthesis|[silent]\n|switch|p1a: Kilowattrel|Kilowattrel, F|39/100 tox|[from] Baton Pass\n|-damage|p1a: Kilowattrel|14/100 tox|[from] Stealth Rock\n|move|p2a: im fisting it|Double Iron Bash|p1a: Kilowattrel\n|-resisted|p1a: Kilowattrel\n|-damage|p1a: Kilowattrel|0 fnt\n|faint|p1a: Kilowattrel\n|-hitcount|p1: Kilowattrel|1\n|\n|upkeep\n|\n|t:|1766051092\n|switch|p1a: Ogerpon|Ogerpon-Hearthflame, F|100/100\n|-damage|p1a: Ogerpon|76/100|[from] Stealth Rock\n|-ability|p1a: Ogerpon|Mold Breaker\n|turn|14\n|c|☆gravitationalballs|wishing for a prayer rn\n|\n|t:|1766051115\n|switch|p2a: THE WALL|Toxapex, M|100/100\n|move|p1a: Ogerpon|Swords Dance|p1a: Ogerpon\n|-boost|p1a: Ogerpon|atk|2\n|\n|upkeep\n|turn|15\n|\n|t:|1766051125\n|move|p1a: Ogerpon|Horn Leech|p2a: THE WALL\n|-crit|p2a: THE WALL\n|-damage|p2a: THE WALL|18/100\n|-heal|p1a: Ogerpon|100/100|[from] drain|[of] p2a: THE WALL\n|move|p2a: THE WALL|Haze|p2a: THE WALL\n|-clearallboost\n|\n|upkeep\n|turn|16\n|\n|t:|1766051156\n|move|p1a: Ogerpon|Swords Dance|p1a: Ogerpon\n|-boost|p1a: Ogerpon|atk|2\n|move|p2a: THE WALL|Recover|p2a: THE WALL\n|-heal|p2a: THE WALL|68/100\n|\n|upkeep\n|turn|17\n|\n|t:|1766051167\n|move|p2a: THE WALL|Baneful Bunker|p2a: THE WALL\n|-singleturn|p2a: THE WALL|move: Protect\n|move|p1a: Ogerpon|Ivy Cudgel|p2a: THE WALL|[anim] Ivy Cudgel Fire\n|-activate|p2a: THE WALL|move: Protect\n|\n|upkeep\n|turn|18\n|\n|t:|1766051180\n|move|p1a: Ogerpon|Ivy Cudgel|p2a: THE WALL|[anim] Ivy Cudgel Fire\n|-resisted|p2a: THE WALL\n|-damage|p2a: THE WALL|31/100\n|move|p2a: THE WALL|Haze|p2a: THE WALL\n|-clearallboost\n|\n|upkeep\n|turn|19\n|\n|t:|1766051187\n|move|p1a: Ogerpon|Horn Leech|p2a: THE WALL\n|-damage|p2a: THE WALL|5/100\n|move|p2a: THE WALL|Recover|p2a: THE WALL\n|-heal|p2a: THE WALL|56/100\n|\n|upkeep\n|turn|20\n|\n|t:|1766051196\n|move|p1a: Ogerpon|Swords Dance|p1a: Ogerpon\n|-boost|p1a: Ogerpon|atk|2\n|move|p2a: THE WALL|Recover|p2a: THE WALL\n|-heal|p2a: THE WALL|100/100\n|\n|upkeep\n|turn|21\n|\n|t:|1766051204\n|move|p1a: Ogerpon|Horn Leech|p2a: THE WALL\n|-damage|p2a: THE WALL|44/100\n|move|p2a: THE WALL|Haze|p2a: THE WALL\n|-clearallboost\n|\n|upkeep\n|turn|22\n|\n|t:|1766051211\n|move|p1a: Ogerpon|Swords Dance|p1a: Ogerpon\n|-boost|p1a: Ogerpon|atk|2\n|move|p2a: THE WALL|Recover|p2a: THE WALL\n|-heal|p2a: THE WALL|94/100\n|\n|upkeep\n|turn|23\n|\n|t:|1766051220\n|move|p2a: THE WALL|Baneful Bunker|p2a: THE WALL\n|-singleturn|p2a: THE WALL|move: Protect\n|move|p1a: Ogerpon|Horn Leech|p2a: THE WALL\n|-activate|p2a: THE WALL|move: Protect\n|-status|p1a: Ogerpon|psn\n|\n|-damage|p1a: Ogerpon|88/100 psn|[from] psn\n|upkeep\n|turn|24\n|\n|t:|1766051256\n|move|p1a: Ogerpon|Swords Dance|p1a: Ogerpon\n|-boost|p1a: Ogerpon|atk|2\n|move|p2a: THE WALL|Haze|p2a: THE WALL\n|-clearallboost\n|\n|-damage|p1a: Ogerpon|76/100 psn|[from] psn\n|upkeep\n|turn|25\n|\n|t:|1766051264\n|move|p1a: Ogerpon|Horn Leech|p2a: THE WALL\n|-damage|p2a: THE WALL|67/100\n|-heal|p1a: Ogerpon|90/100 psn|[from] drain|[of] p2a: THE WALL\n|move|p2a: THE WALL|Scald|p1a: Ogerpon\n|-damage|p1a: Ogerpon|70/100 psn\n|\n|-damage|p1a: Ogerpon|57/100 psn|[from] psn\n|upkeep\n|turn|26\n|\n|t:|1766051274\n|move|p1a: Ogerpon|Swords Dance|p1a: Ogerpon\n|-boost|p1a: Ogerpon|atk|2\n|move|p2a: THE WALL|Scald|p1a: Ogerpon\n|-damage|p1a: Ogerpon|38/100 psn\n|\n|-damage|p1a: Ogerpon|26/100 psn|[from] psn\n|upkeep\n|turn|27\n|\n|t:|1766051280\n|move|p2a: THE WALL|Baneful Bunker|p2a: THE WALL\n|-singleturn|p2a: THE WALL|move: Protect\n|move|p1a: Ogerpon|Horn Leech|p2a: THE WALL\n|-activate|p2a: THE WALL|move: Protect\n|\n|-damage|p1a: Ogerpon|13/100 psn|[from] psn\n|upkeep\n|turn|28\n|\n|t:|1766051314\n|move|p1a: Ogerpon|Horn Leech|p2a: THE WALL\n|-damage|p2a: THE WALL|19/100\n|-heal|p1a: Ogerpon|38/100 psn|[from] drain|[of] p2a: THE WALL\n|move|p2a: THE WALL|Haze|p2a: THE WALL\n|-clearallboost\n|\n|-damage|p1a: Ogerpon|26/100 psn|[from] psn\n|upkeep\n|turn|29\n|\n|t:|1766051343\n|switch|p2a: Roaring Moon|Roaring Moon|100/100\n|-enditem|p2a: Roaring Moon|Booster Energy\n|-activate|p2a: Roaring Moon|ability: Protosynthesis|[fromitem]\n|-start|p2a: Roaring Moon|protosynthesisatk\n|move|p1a: Ogerpon|Swords Dance|p1a: Ogerpon\n|-boost|p1a: Ogerpon|atk|2\n|\n|-damage|p1a: Ogerpon|13/100 psn|[from] psn\n|upkeep\n|turn|30\n|\n|t:|1766051355\n|move|p2a: Roaring Moon|Knock Off|p1a: Ogerpon\n|-damage|p1a: Ogerpon|0 fnt\n|faint|p1a: Ogerpon\n|\n|upkeep\n|\n|t:|1766051364\n|switch|p1a: Scream Tail|Scream Tail|88/100\n|-damage|p1a: Scream Tail|76/100|[from] Stealth Rock\n|turn|31\n|\n|t:|1766051382\n|move|p2a: Roaring Moon|Substitute|p2a: Roaring Moon\n|-start|p2a: Roaring Moon|Substitute\n|-damage|p2a: Roaring Moon|76/100\n|move|p1a: Scream Tail|Thunder Wave||[still]\n|-fail|p1a: Scream Tail\n|\n|upkeep\n|turn|32\n|\n|t:|1766051390\n|move|p2a: Roaring Moon|Dragon Dance|p2a: Roaring Moon\n|-boost|p2a: Roaring Moon|atk|1\n|-boost|p2a: Roaring Moon|spe|1\n|move|p1a: Scream Tail|Wish|p1a: Scream Tail\n|\n|upkeep\n|turn|33\n|\n|t:|1766051399\n|move|p2a: Roaring Moon|Dragon Dance|p2a: Roaring Moon\n|-boost|p2a: Roaring Moon|atk|1\n|-boost|p2a: Roaring Moon|spe|1\n|move|p1a: Scream Tail|Baton Pass|p1a: Scream Tail\n|\n|t:|1766051404\n|-end|p1a: Scream Tail|Protosynthesis|[silent]\n|switch|p1a: Darmanitan|Darmanitan-Galar, F|38/100 tox|[from] Baton Pass\n|-damage|p1a: Darmanitan|13/100 tox|[from] Stealth Rock\n|-enditem|p1a: Darmanitan|Salac Berry|[eat]\n|-boost|p1a: Darmanitan|spe|1|[from] item: Salac Berry\n|\n|-heal|p1a: Darmanitan|75/100 tox|[from] move: Wish|[wisher] Scream Tail\n|-damage|p1a: Darmanitan|68/100 tox|[from] psn\n|upkeep\n|turn|34\n|\n|t:|1766051419\n|move|p2a: Roaring Moon|Knock Off|p1a: Darmanitan\n|-damage|p1a: Darmanitan|0 fnt\n|faint|p1a: Darmanitan\n|\n|upkeep\n|c|☆r6_private_ryan|Ggwp\n|\n|t:|1766051430\n|switch|p1a: Ursaluna|Ursaluna-Bloodmoon, M|100/100\n|-damage|p1a: Ursaluna|94/100|[from] Stealth Rock\n|turn|35\n|c|☆gravitationalballs|im inside\n|c|☆gravitationalballs|thats what u get for stealing mola\n|c|☆r6_private_ryan|Ur inside what \n|c| Bigg Lad|you\n|c|☆gravitationalballs|no im inside bala\n|c|☆r6_private_ryan|Sure U are\n|c| CretaceousDraconid|aw man\n|c|☆gravitationalballs|and u dw pookie\n|c| Bigg Lad|😳\n|c| CretaceousDraconid|thanks \n|c|☆r6_private_ryan|I'm getting rid of 6 of my guys away \n|c|☆gravitationalballs|my balls are gravitating towards tight assholes\n|c|☆gravitationalballs|can i have mola?\n|c|☆r6_private_ryan|So U can have mola if U want\n|c|☆gravitationalballs|oh shit\n|c|☆gravitationalballs|puhlease\n|\n|t:|1766051496\n|move|p2a: Roaring Moon|Knock Off|p1a: Ursaluna\n|-damage|p1a: Ursaluna|0 fnt\n|-enditem|p1a: Ursaluna|Assault Vest|[from] move: Knock Off|[of] p2a: Roaring Moon\n|faint|p1a: Ursaluna\n|\n|upkeep\n|\n|t:|1766051503\n|switch|p1a: Scream Tail|Scream Tail|76/100\n|-damage|p1a: Scream Tail|63/100|[from] Stealth Rock\n|turn|36\n|c|☆r6_private_ryan|I need to think who I want to swap for\n|c|☆r6_private_ryan|U can have mola to add to Ur stall \n|c|☆gravitationalballs|please\n|c|☆r6_private_ryan|I can't do anything \n|c|☆gravitationalballs|ur like giving me the final infinity stone\n|-message|r6_private_ryan forfeited.\n|\n|win|gravitationalballs\n|c| CretaceousDraconid|the notorious small roaring moon \n|c| CretaceousDraconid|stall\n|l| Bigg Lad\n|c|☆r6_private_ryan|And gouring fire \n|l|☆r6_private_ryan\n|player|p1|\n|c|☆gravitationalballs|notorius gouging fire stall\n","players":["r6_private_ryan","gravitationalballs"],"format":"[Gen 9] NatDex Draft","rating":null,"private":0,"password":null,"inputlog":">version a2ec0c799a860c11f69fe9bab100ad86fb9dfb0a\n>start {\"formatid\":\"gen9natdexdraft\",\"seed\":\"sodium,b0b6ae02924f56bd759742a5b9198f40\"}\n>player p1 {\"name\":\"r6_private_ryan\",\"avatar\":\"265\",\"team\":\"Ursaluna|UrsalunaBloodmoon|AssaultVest|MindsEye|BloodMoon,EarthPower,Moonblast,VacuumWave|Modest|252,,,252,4,|M|,0,,,,|||,,,,,Ground]Ogerpon|OgerponHearthflame|HearthflameMask|MoldBreaker|SwordsDance,IvyCudgel,Trailblaze,HornLeech|Jolly|,252,,,4,252|F||||,Poison,,,,Fire]Kilowattrel||FocusSash|WindPower|Tailwind,Roost,VoltSwitch,Hurricane|Hasty|,4,,252,,252|F|,0,,,,|||,,,,,Electric]Scream Tail||BoosterEnergy|Protosynthesis|PsychicNoise,Wish,ThunderWave,BatonPass|Timid|252,,,4,,252|N|,0,,,,|||,,,,,Fairy]Dragalge||DragalgiteZA|Adaptability|FlipTurn,DracoMeteor,SludgeBomb,Thunderbolt|Modest|252,,,252,4,|F||S||,,,,,Poison]Darmanitan|DarmanitanGalar|SalacBerry|ZenMode|Substitute,BellyDrum,FirePunch,IcePunch|Jolly|4,252,,,,252|F||||,,,,,Ice\",\"rating\":0}\n>player p2 {\"name\":\"gravitationalballs\",\"avatar\":\"170\",\"team\":\"fondling my orb|Gliscor|ToxicOrb|PoisonHeal|Toxic,Earthquake,Protect,StealthRock|Careful|244,,16,,248,|M||||,,,,,Ground]The bear jew|ZoroarkHisui|ChoiceScarf|Illusion|ShadowBall,Flamethrower,Uturn,GrassKnot|Modest|8,,,252,,248|M||||,,,,,Normal]THE WALL|Toxapex|ShucaBerry|Regenerator|BanefulBunker,Haze,Recover,Scald|Bold|248,,252,,8,|M|,0,,,,|||,,,,,Poison]im fisting it|Melmetal|AssaultVest|IronFist|DoubleIronBash,IcePunch,ThunderPunch,Superpower|Adamant|108,252,,,4,144|N||||,,,,,Steel]Roaring Moon||BoosterEnergy|Protosynthesis|KnockOff,DragonClaw,Substitute,DragonDance|Jolly|8,252,,,56,192|N||||,,,,,Dragon]Mimikyu||AbilityShield|Disguise|WillOWisp,DestinyBond,Taunt,ShadowClaw|Impish|252,4,252,,,|F||||,,,,,Ghost\",\"rating\":0}\n>chat ☆r6_private_ryan|Glhf\n>chat ☆r6_private_ryan|Can U post link \n>chat ☆gravitationalballs|done\n>chat ☆gravitationalballs|get ready for my slime\n>chat ☆r6_private_ryan|Ok\n>p1 team 3, 2, 1, 4, 5, 6\n>p2 team 1, 2, 6, 3, 5, 4\n>p1 move tailwind\n>p2 move stealthrock\n>p1 switch 6\n>p2 move toxic\n>p1 move icepunch\n>p2 move protect\n>p1 move icepunch\n>p2 switch 4\n>chat ☆r6_private_ryan|I was going to do something but that's planned fucked\n>p1 switch 5\n>p2 move banefulbunker\n>p1 move thunderbolt mega\n>p2 switch 4\n>p1 switch 6\n>p2 move earthquake\n>p1 move hurricane\n>p2 move toxic\n>p1 move tailwind\n>p2 move protect\n>p1 move hurricane\n>p2 move earthquake\n>p1 switch 4\n>p2 move protect\n>chat ☆r6_private_ryan|That sucks \n>p1 move wish\n>p2 switch 6\n>p1 move batonpass\n>p2 move doubleironbash\n>p1 switch 4\n>p1 switch 2\n>chat ☆gravitationalballs|wishing for a prayer rn\n>p1 move swordsdance\n>p2 switch 4\n>p1 move hornleech\n>p2 move haze\n>p1 move swordsdance\n>p2 move recover\n>p1 move ivycudgel\n>p2 move banefulbunker\n>p1 move ivycudgel\n>p2 move haze\n>p1 move hornleech\n>p2 move recover\n>p1 move swordsdance\n>p2 move recover\n>p1 move hornleech\n>p2 move haze\n>p1 move swordsdance\n>p2 move recover\n>p1 move hornleech\n>p2 move banefulbunker\n>p1 move swordsdance\n>p2 move haze\n>p1 move hornleech\n>p2 move scald\n>p1 move swordsdance\n>p2 move scald\n>p1 move hornleech\n>p2 move banefulbunker\n>p1 move hornleech\n>p2 move haze\n>p1 move swordsdance\n>p2 switch 5\n>p1 move hornleech\n>p2 move knockoff\n>p1 switch 4\n>p1 move thunderwave\n>p2 move substitute\n>p1 move wish\n>p2 move dragondance\n>p1 move batonpass\n>p2 move dragondance\n>p1 switch 5\n>p1 move icepunch\n>p2 move knockoff\n>chat ☆r6_private_ryan|Ggwp\n>p1 switch 3\n>chat ☆gravitationalballs|im inside\n>chat ☆gravitationalballs|thats what u get for stealing mola\n>chat ☆r6_private_ryan|Ur inside what \n>chat  Bigg Lad|you\n>chat ☆gravitationalballs|no im inside bala\n>chat ☆r6_private_ryan|Sure U are\n>chat  CretaceousDraconid|aw man\n>chat ☆gravitationalballs|and u dw pookie\n>chat  Bigg Lad|😳\n>chat  CretaceousDraconid|thanks \n>chat ☆r6_private_ryan|I'm getting rid of 6 of my guys away \n>chat ☆gravitationalballs|my balls are gravitating towards tight assholes\n>chat ☆gravitationalballs|can i have mola?\n>chat ☆r6_private_ryan|So U can have mola if U want\n>chat ☆gravitationalballs|oh shit\n>chat ☆gravitationalballs|puhlease\n>p1 move moonblast\n>p2 move knockoff\n>p1 switch 5\n>chat ☆r6_private_ryan|I need to think who I want to swap for\n>chat ☆r6_private_ryan|U can have mola to add to Ur stall \n>chat ☆gravitationalballs|please\n>chat ☆r6_private_ryan|I can't do anything \n>chat ☆gravitationalballs|ur like giving me the final infinity stone\n>forcelose p1","uploadtime":1766051600}