{"id":"gen9natdexdraft-113","log":"|j|☆Arkvis\n|j|☆umbreonreallysucks\n|t:|1761166407\n|gametype|singles\n|player|p1|Arkvis|102|\n|player|p2|umbreonreallysucks|2|\n|gen|9\n|tier|[Gen 9] NatDex Draft\n|rule|Tera Type Preview: Tera Types are shown at Team Preview\n|rule|Sleep Clause Mod: Limit one foe put to sleep\n|rule|OHKO Clause: OHKO moves are banned\n|rule|Evasion Clause: Evasion abilities, items, and moves are banned\n|rule|Evasion Abilities Clause: Evasion abilities are banned\n|rule|Evasion Items Clause: Evasion items are banned\n|rule|Evasion Moves Clause: Evasion moves are banned\n|rule|Endless Battle Clause: Forcing endless battles is banned\n|rule|HP Percentage Mod: HP is shown in percentages\n|raw|<div class=\"infobox\"><details class=\"readmore\" open><summary><strong>1 custom rule:</strong></summary> Tera Type Preview</details></div>\n|clearpoke\n|poke|p1|Meowscarada, M|\n|poke|p1|Manaphy|\n|poke|p1|Armarouge, M|\n|poke|p1|Raging Bolt|\n|poke|p1|Spectrier|\n|poke|p1|Fezandipiti, M|\n|poke|p2|Reuniclus-Hell, M|\n|poke|p2|Ho-Ho, F|\n|poke|p2|Iron Crown|\n|poke|p2|Clashing Teeth, F|\n|poke|p2|Diamoneye, M|\n|poke|p2|Aurorus, M|\n|raw|Arkvis's Tera Types:<br /><psicon pokemon=\"meowscarada\" /><psicon type=\"Grass\" /> / <psicon pokemon=\"manaphy\" /><psicon type=\"Fairy\" /> / <psicon pokemon=\"armarouge\" /><psicon type=\"Fire\" /> / <psicon pokemon=\"ragingbolt\" /><psicon type=\"Poison\" /> / <psicon pokemon=\"spectrier\" /><psicon type=\"Ghost\" /> / <psicon pokemon=\"fezandipiti\" /><psicon type=\"Poison\" />\n|raw|umbreonreallysucks's Tera Types:<br /><psicon pokemon=\"reuniclushell\" /><psicon type=\"Normal\" /> / <psicon pokemon=\"hoho\" /><psicon type=\"Fairy\" /> / <psicon pokemon=\"ironcrown\" /><psicon type=\"Fighting\" /> / <psicon pokemon=\"clashingteeth\" /><psicon type=\"Ground\" /> / <psicon pokemon=\"diamoneye\" /><psicon type=\"Ghost\" /> / <psicon pokemon=\"aurorus\" /><psicon type=\"Dragon\" />\n|teampreview\n|c|☆umbreonreallysucks|glhf\n|c|☆Arkvis|U too\n|\n|t:|1761166453\n|teamsize|p1|6\n|teamsize|p2|6\n|start\n|switch|p1a: Manaphy|Manaphy|100/100\n|switch|p2a: Clashing Teeth|Clashing Teeth, F|100/100\n|turn|1\n|\n|t:|1761166501\n|move|p2a: Clashing Teeth|Flip Turn|p1a: Manaphy\n|-resisted|p1a: Manaphy\n|-damage|p1a: Manaphy|91/100\n|\n|t:|1761166512\n|-end|p2a: Clashing Teeth|Protosynthesis|[silent]\n|switch|p2a: Reuniclus-Hell|Reuniclus-Hell, M|100/100|[from] Flip Turn\n|move|p1a: Manaphy|Tail Glow|p1a: Manaphy\n|-boost|p1a: Manaphy|spa|3\n|\n|-heal|p1a: Manaphy|97/100|[from] item: Leftovers\n|upkeep\n|turn|2\n|\n|t:|1761166531\n|move|p1a: Manaphy|Surf|p2a: Reuniclus-Hell\n|-damage|p2a: Reuniclus-Hell|48/100\n|move|p2a: Reuniclus-Hell|Knock Off|p1a: Manaphy\n|-damage|p1a: Manaphy|82/100\n|-enditem|p1a: Manaphy|Leftovers|[from] move: Knock Off|[of] p2a: Reuniclus-Hell\n|\n|upkeep\n|turn|3\n|\n|t:|1761166555\n|move|p1a: Manaphy|Tail Glow|p1a: Manaphy\n|-boost|p1a: Manaphy|spa|3\n|move|p2a: Reuniclus-Hell|Shadow Ball|p1a: Manaphy\n|-damage|p1a: Manaphy|58/100\n|\n|upkeep\n|turn|4\n|\n|t:|1761166566\n|move|p1a: Manaphy|Surf|p2a: Reuniclus-Hell\n|-damage|p2a: Reuniclus-Hell|0 fnt\n|faint|p2a: Reuniclus-Hell\n|\n|upkeep\n|\n|t:|1761166630\n|switch|p2a: Aurorus|Aurorus, M|100/100\n|-weather|Snowscape|[from] ability: Snow Warning|[of] p2a: Aurorus\n|turn|5\n|\n|t:|1761166639\n|-terastallize|p2a: Aurorus|Dragon\n|move|p1a: Manaphy|Surf|p2a: Aurorus\n|-resisted|p2a: Aurorus\n|-damage|p2a: Aurorus|47/100\n|move|p2a: Aurorus|Freeze-Dry|p1a: Manaphy\n|-supereffective|p1a: Manaphy\n|-damage|p1a: Manaphy|0 fnt\n|faint|p1a: Manaphy\n|\n|-weather|Snowscape|[upkeep]\n|upkeep\n|\n|t:|1761166656\n|switch|p1a: Meowscarada|Meowscarada, M|100/100\n|turn|6\n|\n|t:|1761166671\n|switch|p2a: Ho-Ho|Ho-Ho, F|100/100\n|move|p1a: Meowscarada|Triple Axel|p2a: Ho-Ho\n|-damage|p2a: Ho-Ho|93/100\n|-damage|p2a: Ho-Ho|78/100\n|-damage|p2a: Ho-Ho|53/100\n|-hitcount|p2a: Ho-Ho|3\n|\n|-weather|Snowscape|[upkeep]\n|upkeep\n|turn|7\n|\n|t:|1761166683\n|switch|p1a: Raging Bolt|Raging Bolt|100/100\n|move|p2a: Ho-Ho|Sacred Fire|p1a: Raging Bolt\n|-resisted|p1a: Raging Bolt\n|-damage|p1a: Raging Bolt|84/100\n|\n|-weather|Snowscape|[upkeep]\n|upkeep\n|turn|8\n|\n|t:|1761166720\n|move|p1a: Raging Bolt|Draco Meteor|p2a: Ho-Ho|[miss]\n|-miss|p1a: Raging Bolt|p2a: Ho-Ho\n|move|p2a: Ho-Ho|Earthquake|p1a: Raging Bolt\n|-supereffective|p1a: Raging Bolt\n|-damage|p1a: Raging Bolt|39/100\n|\n|-weather|Snowscape|[upkeep]\n|upkeep\n|turn|9\n|l|☆Arkvis\n|player|p1|\n|j|☆Arkvis\n|player|p1|Arkvis|102|\n|c|☆Arkvis|bruh\n|c|☆Arkvis|it missed\n|c|☆Arkvis|smh\n|c|☆umbreonreallysucks|unfort\n|\n|t:|1761166775\n|switch|p2a: Iron Crown|Iron Crown|100/100\n|-enditem|p2a: Iron Crown|Booster Energy\n|-activate|p2a: Iron Crown|ability: Quark Drive|[fromitem]\n|-start|p2a: Iron Crown|quarkdrivespe\n|move|p1a: Raging Bolt|Draco Meteor|p2a: Iron Crown\n|-resisted|p2a: Iron Crown\n|-damage|p2a: Iron Crown|52/100\n|-unboost|p1a: Raging Bolt|spa|2\n|\n|-weather|none\n|upkeep\n|turn|10\n|\n|t:|1761166796\n|-end|p1a: Raging Bolt|Protosynthesis|[silent]\n|switch|p1a: Armarouge|Armarouge, M|100/100\n|move|p2a: Iron Crown|Calm Mind|p2a: Iron Crown\n|-boost|p2a: Iron Crown|spa|1\n|-boost|p2a: Iron Crown|spd|1\n|\n|upkeep\n|turn|11\n|\n|t:|1761166818\n|detailschange|p1a: Armarouge|Armarouge-Mega, M\n|-mega|p1a: Armarouge|Armarouge|Armarougite\n|move|p2a: Iron Crown|Tachyon Cutter|p1a: Armarouge\n|-resisted|p1a: Armarouge\n|-damage|p1a: Armarouge|91/100\n|-resisted|p1a: Armarouge\n|-damage|p1a: Armarouge|82/100\n|-hitcount|p1a: Armarouge|2\n|move|p1a: Armarouge|Armor Cannon|p2a: Iron Crown\n|-supereffective|p2a: Iron Crown\n|-damage|p2a: Iron Crown|0 fnt\n|-unboost|p1a: Armarouge|def|1\n|-unboost|p1a: Armarouge|spd|1\n|faint|p2a: Iron Crown\n|-end|p2a: Iron Crown|Quark Drive|[silent]\n|\n|upkeep\n|\n|t:|1761166830\n|switch|p2a: Clashing Teeth|Clashing Teeth, F|100/100\n|turn|12\n|\n|t:|1761166844\n|switch|p1a: Meowscarada|Meowscarada, M|100/100\n|move|p2a: Clashing Teeth|Earthquake|p1a: Meowscarada\n|-resisted|p1a: Meowscarada\n|-damage|p1a: Meowscarada|62/100\n|\n|upkeep\n|turn|13\n|\n|t:|1761166856\n|-end|p2a: Clashing Teeth|Protosynthesis|[silent]\n|switch|p2a: Ho-Ho|Ho-Ho, F|86/100\n|move|p1a: Meowscarada|Triple Axel|p2a: Ho-Ho\n|-damage|p2a: Ho-Ho|79/100\n|-hitcount|p2a: Ho-Ho|1\n|\n|upkeep\n|turn|14\n|c|☆umbreonreallysucks|rip sorry\n|\n|t:|1761166874\n|move|p1a: Meowscarada|Triple Axel|p2a: Ho-Ho|[miss]\n|-miss|p1a: Meowscarada|p2a: Ho-Ho\n|move|p2a: Ho-Ho|Earthquake|p1a: Meowscarada\n|-resisted|p1a: Meowscarada\n|-damage|p1a: Meowscarada|43/100\n|\n|upkeep\n|turn|15\n|c|☆Arkvis|bro my luck\n|c|☆Arkvis|Istg\n|\n|t:|1761166919\n|switch|p1a: Fezandipiti|Fezandipiti, M|100/100\n|move|p2a: Ho-Ho|Sacred Fire|p1a: Fezandipiti\n|-damage|p1a: Fezandipiti|60/100\n|\n|upkeep\n|turn|16\n|\n|t:|1761166933\n|move|p1a: Fezandipiti|Tailwind|p1a: Fezandipiti\n|-sidestart|p1: Arkvis|move: Tailwind\n|move|p2a: Ho-Ho|Earthquake|p1a: Fezandipiti\n|-supereffective|p1a: Fezandipiti\n|-damage|p1a: Fezandipiti|6/100\n|\n|upkeep\n|turn|17\n|\n|t:|1761166942\n|switch|p2a: Aurorus|Aurorus, M, tera:Dragon|47/100\n|-weather|Snowscape|[from] ability: Snow Warning|[of] p2a: Aurorus\n|move|p1a: Fezandipiti|U-turn|p2a: Aurorus\n|-damage|p2a: Aurorus|29/100\n|c|☆umbreonreallysucks|tailwind is wild\n|\n|t:|1761166967\n|switch|p1a: Armarouge|Armarouge-Mega, M|82/100|[from] U-turn\n|\n|-weather|Snowscape|[upkeep]\n|upkeep\n|turn|18\n|\n|t:|1761166976\n|move|p1a: Armarouge|Psyshock|p2a: Aurorus\n|-damage|p2a: Aurorus|0 fnt\n|faint|p2a: Aurorus\n|\n|-weather|Snowscape|[upkeep]\n|upkeep\n|\n|t:|1761166982\n|switch|p2a: Ho-Ho|Ho-Ho, F|100/100\n|turn|19\n|\n|t:|1761167013\n|switch|p1a: Spectrier|Spectrier|100/100\n|move|p2a: Ho-Ho|Earthquake|p1a: Spectrier\n|-damage|p1a: Spectrier|65/100\n|\n|-weather|Snowscape|[upkeep]\n|-heal|p1a: Spectrier|72/100|[from] item: Leftovers\n|-sideend|p1: Arkvis|move: Tailwind\n|upkeep\n|turn|20\n|\n|t:|1761167036\n|move|p1a: Spectrier|Nasty Plot|p1a: Spectrier\n|-boost|p1a: Spectrier|spa|2\n|move|p2a: Ho-Ho|Sacred Fire|p1a: Spectrier\n|-damage|p1a: Spectrier|15/100\n|-status|p1a: Spectrier|brn\n|\n|-weather|Snowscape|[upkeep]\n|-heal|p1a: Spectrier|21/100 brn|[from] item: Leftovers\n|-damage|p1a: Spectrier|15/100 brn|[from] brn\n|upkeep\n|turn|21\n|\n|t:|1761167050\n|move|p1a: Spectrier|Shadow Ball|p2a: Ho-Ho\n|-damage|p2a: Ho-Ho|40/100\n|move|p2a: Ho-Ho|Sacred Fire|p1a: Spectrier\n|-damage|p1a: Spectrier|0 fnt\n|faint|p1a: Spectrier\n|\n|-weather|none\n|upkeep\n|\n|t:|1761167061\n|switch|p1a: Raging Bolt|Raging Bolt|39/100\n|turn|22\n|\n|t:|1761167077\n|switch|p2a: Diamoneye|Diamoneye, M|100/100\n|move|p1a: Raging Bolt|Draco Meteor|p2a: Diamoneye\n|-damage|p2a: Diamoneye|0 fnt\n|-unboost|p1a: Raging Bolt|spa|2\n|faint|p2a: Diamoneye\n|\n|upkeep\n|\n|t:|1761167086\n|switch|p2a: Clashing Teeth|Clashing Teeth, F|100/100\n|turn|23\n|\n|t:|1761167099\n|-end|p1a: Raging Bolt|Protosynthesis|[silent]\n|switch|p1a: Meowscarada|Meowscarada, M|43/100\n|move|p2a: Clashing Teeth|Earthquake|p1a: Meowscarada\n|-resisted|p1a: Meowscarada\n|-damage|p1a: Meowscarada|5/100\n|\n|upkeep\n|turn|24\n|\n|t:|1761167106\n|-end|p2a: Clashing Teeth|Protosynthesis|[silent]\n|switch|p2a: Ho-Ho|Ho-Ho, F|74/100\n|move|p1a: Meowscarada|Triple Axel|p2a: Ho-Ho\n|-damage|p2a: Ho-Ho|67/100\n|-damage|p2a: Ho-Ho|50/100\n|-damage|p2a: Ho-Ho|26/100\n|-hitcount|p2a: Ho-Ho|3\n|\n|upkeep\n|turn|25\n|\n|t:|1761167116\n|move|p1a: Meowscarada|Triple Axel|p2a: Ho-Ho\n|-damage|p2a: Ho-Ho|19/100\n|-hitcount|p2a: Ho-Ho|1\n|move|p2a: Ho-Ho|Sacred Fire|p1a: Meowscarada\n|-supereffective|p1a: Meowscarada\n|-damage|p1a: Meowscarada|0 fnt\n|faint|p1a: Meowscarada\n|\n|upkeep\n|c|☆umbreonreallysucks|RIP\n|\n|t:|1761167128\n|switch|p1a: Armarouge|Armarouge-Mega, M|82/100\n|turn|26\n|\n|t:|1761167132\n|move|p1a: Armarouge|Psyshock|p2a: Ho-Ho\n|-damage|p2a: Ho-Ho|0 fnt\n|faint|p2a: Ho-Ho\n|\n|upkeep\n|\n|t:|1761167135\n|switch|p2a: Clashing Teeth|Clashing Teeth, F|100/100\n|turn|27\n|\n|t:|1761167148\n|move|p2a: Clashing Teeth|Earthquake|p1a: Armarouge\n|-supereffective|p1a: Armarouge\n|-crit|p1a: Armarouge\n|-damage|p1a: Armarouge|0 fnt\n|faint|p1a: Armarouge\n|detailschange|p1: Armarouge|Armarouge, M|[silent]\n|\n|upkeep\n|\n|t:|1761167157\n|switch|p1a: Raging Bolt|Raging Bolt|39/100\n|turn|28\n|\n|t:|1761167165\n|move|p2a: Clashing Teeth|Earthquake|p1a: Raging Bolt\n|-supereffective|p1a: Raging Bolt\n|-crit|p1a: Raging Bolt\n|-damage|p1a: Raging Bolt|0 fnt\n|faint|p1a: Raging Bolt\n|-end|p1a: Raging Bolt|Protosynthesis|[silent]\n|\n|upkeep\n|\n|t:|1761167168\n|switch|p1a: Fezandipiti|Fezandipiti, M|6/100\n|turn|29\n|\n|t:|1761167171\n|move|p2a: Clashing Teeth|Earthquake|p1a: Fezandipiti\n|-supereffective|p1a: Fezandipiti\n|-damage|p1a: Fezandipiti|0 fnt\n|faint|p1a: Fezandipiti\n|\n|win|umbreonreallysucks\n|c|☆umbreonreallysucks|GG\n|c|☆Arkvis|GG\n|c|☆Arkvis|my luck threw the game lmao\n|c|☆umbreonreallysucks|Yeah that was unfortunate\n","players":["Arkvis","umbreonreallysucks"],"format":"[Gen 9] NatDex Draft","rating":null,"private":0,"password":null,"inputlog":">version f5040886e674df30a81d8aa6703a640b23e7a073\n>start {\"formatid\":\"gen9natdexdraft@@@Tera Type Preview\",\"seed\":\"sodium,32ede4cc16c078c6fdc2c86525e26b28\"}\n>player p1 {\"name\":\"Arkvis\",\"avatar\":\"102\",\"team\":\"Meowscarada||ChoiceBand|Overgrow|ShadowClaw,TripleAxel,Uturn,PlayRough|Jolly|56,252,,,,200|M||||,,,,,Grass]Manaphy||Leftovers|Hydration|TailGlow,AlluringVoice,Surf,HealBell|Timid|4,,,252,,252|N|,0,,,,|||,,,,,Fairy]Armarouge||Armarougite|FlashFire|ArmorCannon,FlashCannon,Psyshock,ScorchingSands|Timid|4,,,252,,252|M|,0,,,,|||,,,,,Fire]Raging Bolt||ChoiceSpecs|Protosynthesis|Thunderbolt,DracoMeteor,VoltSwitch,Thunderclap||,,,252,,|N|,20,,,,|||,Fighting,,,,Poison]Spectrier||Leftovers|GrimNeigh|ShadowBall,DrainingKiss,NastyPlot,Substitute|Timid|116,,,252,,140|N|,0,,,,|||,,,,,Ghost]Fezandipiti||HeavyDutyBoots|ToxicChain|PlayRough,Uturn,Roost,Tailwind|Careful|248,152,,,44,64|M||||,,,,,Poison\",\"rating\":0}\n>player p2 {\"name\":\"umbreonreallysucks\",\"avatar\":\"2\",\"team\":\"Reuniclus-Hell||AssaultVest|Regenerator|DrainingKiss,ShadowBall,HiddenPowerGround,KnockOff|Modest|248,,,92,168,|M|,30,,,,|||,Ground,,,,Normal]Ho-Ho||HeavyDutyBoots|Regenerator|SacredFire,Earthquake,Toxic,Defog|Impish|248,8,252,,,|F||||,,,,,Fairy]Iron Crown||BoosterEnergy|QuarkDrive|TachyonCutter,PsychicNoise,TeraBlast,CalmMind|Timid|,,84,172,,252|N||||,Fighting,,,,Fighting]Clashing Teeth||ChoiceScarf|Protosynthesis|Earthquake,Outrage,RockSlide,FlipTurn|Jolly|,252,,,,212|F||||,,,,,Ground]Diamoneye||Diamoneyite|Pickpocket|ShadowBall,DarkPulse,DazzlingGleam,NastyPlot|Timid|,,,252,16,240|M|,0,,,,|||,,,,,Ghost]Aurorus||LightClay|SnowWarning|Blizzard,EarthPower,FreezeDry,AuroraVeil|Modest|248,,,100,160,|M|,0,,,,|||,,,,,Dragon\",\"rating\":0}\n>chat ☆umbreonreallysucks|glhf\n>chat ☆Arkvis|U too\n>p1 team 2, 1, 3, 4, 5, 6\n>p2 team 4, 2, 3, 1, 5, 6\n>p1 move tailglow\n>p2 move flipturn\n>p2 switch 4\n>p1 move surf\n>p2 move knockoff\n>p1 move tailglow\n>p2 move shadowball\n>p1 move surf\n>p2 move shadowball\n>p2 switch 6\n>p1 move surf\n>p2 move freezedry terastallize\n>p1 switch 2\n>p1 move tripleaxel\n>p2 switch 2\n>p1 switch 4\n>p2 move sacredfire\n>p1 move dracometeor\n>p2 move earthquake\n>chat ☆Arkvis|bruh\n>chat ☆Arkvis|it missed\n>chat ☆Arkvis|smh\n>chat ☆umbreonreallysucks|unfort\n>p1 move dracometeor\n>p2 switch 3\n>p1 switch 3\n>p2 move calmmind\n>p1 move armorcannon mega\n>p2 move tachyoncutter\n>p2 switch 4\n>p1 switch 4\n>p2 move earthquake\n>p1 move tripleaxel\n>p2 switch 3\n>chat ☆umbreonreallysucks|rip sorry\n>p1 move tripleaxel\n>p2 move earthquake\n>chat ☆Arkvis|bro my luck\n>chat ☆Arkvis|Istg\n>p1 switch 6\n>p2 move sacredfire\n>p1 move tailwind\n>p2 move earthquake\n>p1 move uturn\n>p2 switch 2\n>chat ☆umbreonreallysucks|tailwind is wild\n>p1 switch 4\n>p1 move psyshock\n>p2 move auroraveil\n>p2 switch 2\n>p1 switch 5\n>p2 move earthquake\n>p1 move nastyplot\n>p2 move sacredfire\n>p1 move shadowball\n>p2 move sacredfire\n>p1 switch 3\n>p1 move dracometeor\n>p2 switch 5\n>p2 switch 3\n>p1 switch 6\n>p2 move earthquake\n>p1 move tripleaxel\n>p2 switch 5\n>p1 move tripleaxel\n>p2 move sacredfire\n>chat ☆umbreonreallysucks|RIP\n>p1 switch 5\n>p1 move psyshock\n>p2 move earthquake\n>p2 switch 5\n>p1 move flashcannon\n>p2 move earthquake\n>p1 switch 6\n>p1 move dracometeor\n>p2 move earthquake\n>p1 switch 4\n>p1 move roost\n>p2 move earthquake","uploadtime":1761167197}