{"id":"gen9natdexdraft-112","log":"|j|☆The_Shawdoin\n|j|☆Tapuplayz\n|t:|1761150954\n|gametype|singles\n|player|p1|The_Shawdoin|101|\n|player|p2|Tapuplayz|benga|\n|gen|9\n|tier|[Gen 9] NatDex Draft\n|rule|Tera Type Preview: Tera Types are shown at Team Preview\n|rule|Sleep Clause Mod: Limit one foe put to sleep\n|rule|OHKO Clause: OHKO moves are banned\n|rule|Evasion Clause: Evasion abilities, items, and moves are banned\n|rule|Evasion Abilities Clause: Evasion abilities are banned\n|rule|Evasion Items Clause: Evasion items are banned\n|rule|Evasion Moves Clause: Evasion moves are banned\n|rule|Endless Battle Clause: Forcing endless battles is banned\n|rule|HP Percentage Mod: HP is shown in percentages\n|raw|<div class=\"infobox\"><details class=\"readmore\" open><summary><strong>1 custom rule:</strong></summary> Tera Type Preview</details></div>\n|clearpoke\n|poke|p1|Wild Wind, M|\n|poke|p1|Weavile, M|\n|poke|p1|Drifblim-Hell, M|\n|poke|p1|Iron Saw, M|\n|poke|p1|Runerigus, M|\n|poke|p1|Gouging Fire|\n|poke|p2|Ogerpon-Hearthflame, F|\n|poke|p2|Thundurus, M|\n|poke|p2|Garchomp, F|\n|poke|p2|Marshydow, M|\n|poke|p2|Zoroark-Hisui, M|\n|poke|p2|Toxtricity, F|\n|raw|The_Shawdoin's Tera Types:<br /><psicon pokemon=\"wildwind\" /><psicon type=\"Fairy\" /> / <psicon pokemon=\"weavile\" /><psicon type=\"Dark\" /> / <psicon pokemon=\"drifblimhell\" /><psicon type=\"Water\" /> / <psicon pokemon=\"ironsaw\" /><psicon type=\"Electric\" /> / <psicon pokemon=\"runerigus\" /><psicon type=\"Ground\" /> / <psicon pokemon=\"gougingfire\" /><psicon type=\"Fire\" />\n|raw|Tapuplayz's Tera Types:<br /><psicon pokemon=\"ogerponhearthflame\" /><psicon type=\"Fire\" /> / <psicon pokemon=\"thundurus\" /><psicon type=\"Electric\" /> / <psicon pokemon=\"garchomp\" /><psicon type=\"Dragon\" /> / <psicon pokemon=\"marshydow\" /><psicon type=\"Ghost\" /> / <psicon pokemon=\"zoroarkhisui\" /><psicon type=\"Normal\" /> / <psicon pokemon=\"toxtricity\" /><psicon type=\"Electric\" />\n|teampreview\n|c|☆The_Shawdoin|iew\n|j|~SparksTheNeo\n|c|☆The_Shawdoin|gl hf\n|c|☆Tapuplayz|you too\n|\n|t:|1761150996\n|teamsize|p1|6\n|teamsize|p2|6\n|start\n|switch|p1a: Wild Wind|Wild Wind, M|100/100\n|switch|p2a: Thundurus|Thundurus, M|100/100\n|turn|1\n|\n|t:|1761151002\n|move|p2a: Thundurus|Thunder Wave|p1a: Wild Wind\n|-status|p1a: Wild Wind|par\n|move|p1a: Wild Wind|Dire Claw|p2a: Thundurus\n|-damage|p2a: Thundurus|77/100\n|\n|upkeep\n|turn|2\n|\n|t:|1761151010\n|move|p2a: Thundurus|Wildbolt Storm|p1a: Wild Wind\n|-resisted|p1a: Wild Wind\n|-damage|p1a: Wild Wind|81/100 par\n|move|p1a: Wild Wind|Dire Claw|p2a: Thundurus\n|-damage|p2a: Thundurus|54/100\n|\n|-heal|p1a: Wild Wind|87/100 par|[from] item: Leftovers\n|upkeep\n|turn|3\n|\n|t:|1761151021\n|switch|p2a: Toxtricity|Toxtricity, F|100/100\n|move|p1a: Wild Wind|Dire Claw|p2a: Toxtricity\n|-resisted|p2a: Toxtricity\n|-damage|p2a: Toxtricity|91/100\n|\n|-heal|p1a: Wild Wind|93/100 par|[from] item: Leftovers\n|upkeep\n|turn|4\n|\n|t:|1761151030\n|-end|p1a: Wild Wind|Protosynthesis|[silent]\n|switch|p1a: Runerigus|Runerigus, M|100/100\n|move|p2a: Toxtricity|Sludge Bomb|p1a: Runerigus\n|-resisted|p1a: Runerigus\n|-damage|p1a: Runerigus|91/100\n|\n|-heal|p1a: Runerigus|97/100|[from] item: Leftovers\n|upkeep\n|turn|5\n|\n|t:|1761151041\n|switch|p2a: Marshydow|Marshydow, M|100/100\n|move|p1a: Runerigus|Stealth Rock|p2a: Marshydow\n|-sidestart|p2: Tapuplayz|move: Stealth Rock\n|\n|-heal|p1a: Runerigus|100/100|[from] item: Leftovers\n|upkeep\n|turn|6\n|c|~SparksTheNeo|50% lmao\n|\n|t:|1761151061\n|switch|p1a: Wild Wind|Wild Wind, M|93/100 par\n|move|p2a: Marshydow|Knock Off|p1a: Wild Wind\n|-resisted|p1a: Wild Wind\n|-crit|p1a: Wild Wind\n|-damage|p1a: Wild Wind|79/100 par\n|-enditem|p1a: Wild Wind|Leftovers|[from] move: Knock Off|[of] p2a: Marshydow\n|\n|upkeep\n|turn|7\n|\n|t:|1761151069\n|move|p2a: Marshydow|U-turn|p1a: Wild Wind\n|-damage|p1a: Wild Wind|66/100 par\n|\n|t:|1761151074\n|switch|p2a: Thundurus|Thundurus, M|54/100|[from] U-turn\n|move|p1a: Wild Wind|Wish|p1a: Wild Wind\n|\n|upkeep\n|turn|8\n|\n|t:|1761151080\n|move|p2a: Thundurus|Taunt|p1a: Wild Wind\n|-start|p1a: Wild Wind|move: Taunt\n|move|p1a: Wild Wind|Dire Claw|p2a: Thundurus\n|-damage|p2a: Thundurus|29/100\n|-status|p2a: Thundurus|slp\n|\n|-heal|p1a: Wild Wind|100/100 par|[from] move: Wish|[wisher] Wild Wind\n|upkeep\n|turn|9\n|c|~SparksTheNeo|oh there it is\n|\n|t:|1761151104\n|switch|p2a: Marshydow|Marshydow, M|100/100\n|-damage|p2a: Marshydow|88/100|[from] Stealth Rock\n|-end|p1a: Wild Wind|Protosynthesis|[silent]\n|switch|p1a: Gouging Fire|Gouging Fire|100/100\n|\n|upkeep\n|turn|10\n|\n|t:|1761151112\n|-end|p1a: Gouging Fire|Protosynthesis|[silent]\n|switch|p1a: Wild Wind|Wild Wind, M|100/100 par\n|move|p2a: Marshydow|Knock Off|p1a: Wild Wind\n|-resisted|p1a: Wild Wind\n|-damage|p1a: Wild Wind|94/100 par\n|\n|upkeep\n|turn|11\n|j| menace2sociteh\n|\n|t:|1761151117\n|move|p2a: Marshydow|U-turn|p1a: Wild Wind\n|-damage|p1a: Wild Wind|82/100 par\n|\n|t:|1761151123\n|switch|p2a: Toxtricity|Toxtricity, F|91/100|[from] U-turn\n|-damage|p2a: Toxtricity|78/100|[from] Stealth Rock\n|cant|p1a: Wild Wind|par\n|\n|upkeep\n|turn|12\n|\n|t:|1761151132\n|-end|p1a: Wild Wind|Protosynthesis|[silent]\n|switch|p1a: Runerigus|Runerigus, M|100/100\n|detailschange|p2a: Toxtricity|Toxtricity-Mega, F\n|-mega|p2a: Toxtricity|Toxtricity|Toxtricite\n|-ability|p2a: Toxtricity|Boots of Ruin\n|move|p2a: Toxtricity|Sludge Bomb|p1a: Runerigus\n|-resisted|p1a: Runerigus\n|-damage|p1a: Runerigus|90/100\n|-status|p1a: Runerigus|psn\n|\n|-heal|p1a: Runerigus|96/100 psn|[from] item: Leftovers\n|-damage|p1a: Runerigus|84/100 psn|[from] psn\n|upkeep\n|turn|13\n|\n|t:|1761151144\n|switch|p2a: Marshydow|Marshydow, M|88/100\n|-damage|p2a: Marshydow|76/100|[from] Stealth Rock\n|move|p1a: Runerigus|Earthquake|p2a: Marshydow\n|-damage|p2a: Marshydow|20/100\n|replace|p2a: Zoroark|Zoroark-Hisui, M\n|-end|p2a: Zoroark|Illusion\n|\n|-heal|p1a: Runerigus|90/100 psn|[from] item: Leftovers\n|-damage|p1a: Runerigus|78/100 psn|[from] psn\n|upkeep\n|turn|14\n|\n|t:|1761151154\n|switch|p1a: Wild Wind|Wild Wind, M|82/100 par\n|move|p2a: Zoroark|U-turn|p1a: Wild Wind\n|-damage|p1a: Wild Wind|69/100 par\n|\n|t:|1761151159\n|switch|p2a: Marshydow|Marshydow, M|100/100|[from] U-turn\n|-damage|p2a: Marshydow|94/100|[from] Stealth Rock\n|\n|upkeep\n|turn|15\n|\n|t:|1761151174\n|-terastallize|p1a: Wild Wind|Fairy\n|move|p2a: Marshydow|Ice Punch|p1a: Wild Wind\n|-damage|p1a: Wild Wind|45/100 par\n|-damage|p2a: Marshydow|84/100|[from] item: Life Orb\n|move|p1a: Wild Wind|Moonblast|p2a: Marshydow\n|-supereffective|p2a: Marshydow\n|-damage|p2a: Marshydow|7/100\n|-unboost|p2a: Marshydow|spa|1\n|\n|upkeep\n|turn|16\n|c| menace2sociteh|Ayyy my fellow brother from the fisalalalalala division who also drafted wild wind\n|c| menace2sociteh|Cook\n|\n|t:|1761151184\n|move|p2a: Marshydow|Spectral Thief|p1a: Wild Wind\n|-damage|p1a: Wild Wind|0 fnt\n|faint|p1a: Wild Wind\n|-end|p1a: Wild Wind|Protosynthesis|[silent]\n|-damage|p2a: Marshydow|0 fnt|[from] item: Life Orb\n|faint|p2a: Marshydow\n|\n|upkeep\n|\n|t:|1761151201\n|switch|p1a: Weavile|Weavile, M|100/100\n|switch|p2a: Toxtricity|Toxtricity-Mega, F|78/100\n|-ability|p1a: Weavile|Pressure\n|-damage|p2a: Toxtricity|66/100|[from] Stealth Rock\n|-ability|p2a: Toxtricity|Boots of Ruin\n|turn|17\n|\n|t:|1761151232\n|move|p1a: Weavile|Triple Axel|p2a: Toxtricity\n|-damage|p2a: Toxtricity|57/100\n|-damage|p2a: Toxtricity|38/100\n|-damage|p2a: Toxtricity|7/100\n|-hitcount|p2a: Toxtricity|3\n|move|p2a: Toxtricity|Boomburst|p1a: Weavile\n|-damage|p1a: Weavile|0 fnt\n|faint|p1a: Weavile\n|\n|upkeep\n|\n|t:|1761151261\n|switch|p1a: Drifblim-Hell|Drifblim-Hell, M|100/100\n|turn|18\n|\n|t:|1761151266\n|detailschange|p1a: Drifblim-Hell|Drifblim-Hell-Mega, M\n|-mega|p1a: Drifblim-Hell|Drifblim-Hell|Drifblimite Hell\n|move|p2a: Toxtricity|Overdrive|p1a: Drifblim-Hell\n|-supereffective|p1a: Drifblim-Hell\n|-damage|p1a: Drifblim-Hell|44/100\n|move|p1a: Drifblim-Hell|Ice Beam|p2a: Toxtricity\n|-damage|p2a: Toxtricity|0 fnt\n|faint|p2a: Toxtricity\n|detailschange|p2: Toxtricity|Toxtricity, F|[silent]\n|\n|upkeep\n|\n|t:|1761151277\n|switch|p2a: Ogerpon|Ogerpon-Hearthflame, F|100/100\n|-damage|p2a: Ogerpon|76/100|[from] Stealth Rock\n|-ability|p2a: Ogerpon|Mold Breaker\n|turn|19\n|\n|t:|1761151287\n|switch|p2a: Thundurus|Thundurus, M|29/100 slp\n|move|p1a: Drifblim-Hell|Strength Sap|p2a: Thundurus\n|-unboost|p2a: Thundurus|atk|1\n|-heal|p1a: Drifblim-Hell|92/100\n|\n|upkeep\n|turn|20\n|\n|t:|1761151294\n|cant|p2a: Thundurus|slp\n|move|p1a: Drifblim-Hell|Ice Beam|p2a: Thundurus\n|-supereffective|p2a: Thundurus\n|-damage|p2a: Thundurus|0 fnt\n|faint|p2a: Thundurus\n|\n|upkeep\n|\n|t:|1761151301\n|switch|p2a: Garchomp|Garchomp, F|100/100\n|-damage|p2a: Garchomp|94/100|[from] Stealth Rock\n|turn|21\n|\n|t:|1761151307\n|move|p1a: Drifblim-Hell|Ice Beam|p2a: Garchomp\n|-supereffective|p2a: Garchomp\n|-damage|p2a: Garchomp|0 fnt\n|faint|p2a: Garchomp\n|\n|upkeep\n|\n|t:|1761151311\n|switch|p2a: Ogerpon|Ogerpon-Hearthflame, F|76/100\n|-damage|p2a: Ogerpon|51/100|[from] Stealth Rock\n|-ability|p2a: Ogerpon|Mold Breaker\n|turn|22\n|c|☆The_Shawdoin|????\n|c|~SparksTheNeo|garchomp\n|c|~SparksTheNeo|slower??\n|c|☆The_Shawdoin|im no speed invest\n|\n|t:|1761151332\n|move|p2a: Ogerpon|Knock Off|p1a: Drifblim-Hell\n|-damage|p1a: Drifblim-Hell|75/100\n|move|p1a: Drifblim-Hell|Sludge Bomb|p2a: Ogerpon\n|-supereffective|p2a: Ogerpon\n|-damage|p2a: Ogerpon|0 fnt\n|faint|p2a: Ogerpon\n|\n|upkeep\n|c|~SparksTheNeo|the iron ball chomp goes crazy\n|c|☆Tapuplayz|gg\n|\n|t:|1761151342\n|switch|p2a: Zoroark|Zoroark-Hisui, M|20/100\n|-damage|p2a: Zoroark|8/100|[from] Stealth Rock\n|turn|23\n|c|☆The_Shawdoin|gg\n|\n|t:|1761151348\n|switch|p1a: Iron Saw|Iron Saw, M|100/100\n|-enditem|p1a: Iron Saw|Booster Energy\n|-activate|p1a: Iron Saw|ability: Quark Drive|[fromitem]\n|-start|p1a: Iron Saw|quarkdrivespe\n|move|p2a: Zoroark|Knock Off|p1a: Iron Saw\n|-damage|p1a: Iron Saw|81/100\n|\n|upkeep\n|turn|24\n|c|~SparksTheNeo|oh wait lagging tail is the slowing one\n|\n|t:|1761151356\n|move|p1a: Iron Saw|Iron Head|p2a: Zoroark\n|-damage|p2a: Zoroark|0 fnt\n|faint|p2a: Zoroark\n|\n|win|The_Shawdoin\n|c|☆The_Shawdoin|feed kill leader lol\n|c|☆The_Shawdoin|my kill leader\n|c|☆The_Shawdoin|gg\n","players":["The_Shawdoin","Tapuplayz"],"format":"[Gen 9] NatDex Draft","rating":null,"private":0,"password":null,"inputlog":">version f5040886e674df30a81d8aa6703a640b23e7a073\n>start {\"formatid\":\"gen9natdexdraft@@@Tera Type Preview\",\"seed\":\"sodium,4442e12c88092fd8e5340e9a552466c4\"}\n>player p1 {\"name\":\"The_Shawdoin\",\"avatar\":\"101\",\"team\":\"Wild Wind||Leftovers|Protosynthesis|Wish,Moonblast,DireClaw,Uturn|Jolly|252,,16,,,240|M||||,,,,,Fairy]Weavile||WideLens|Pressure|TripleAxel,PoisonJab,KnockOff,IceShard|Jolly|112,252,,,,144|M||||,,,,,Dark]Drifblim-Hell||DrifblimiteHell|WaterAbsorb|StrengthSap,IceBeam,SludgeBomb,Haze|Modest|,,252,252,4,|M|,0,,,,|||,,,,,Water]Iron Saw||BoosterEnergy|QuarkDrive|SwordsDance,IronHead,WildCharge,PsychoCut|Adamant|76,252,,,,180|M||||,,,,,Electric]Runerigus||Leftovers|WanderingSpirit|StealthRock,NightShade,Earthquake,WillOWisp|Sassy|252,,4,,252,|M||||,,,,,Ground]Gouging Fire||HeavyDutyBoots|Protosynthesis|DragonDance,Earthquake,Outrage,MorningSun|Jolly|104,252,,,,152|N||||,Fighting,,,,Fire\",\"rating\":0}\n>player p2 {\"name\":\"Tapuplayz\",\"avatar\":\"benga\",\"team\":\"Ogerpon|OgerponHearthflame|HearthflameMask|MoldBreaker|IvyCudgel,SpikyShield,PlayRough,KnockOff|Jolly|,252,,,4,252|F||||,Poison,,,,Fire]Thundurus||HeavyDutyBoots|Prankster|ThunderWave,WildboltStorm,Taunt,FocusBlast|Timid|,,,252,4,252|M|,0,,,,|||,,,,,Electric]Garchomp||RockyHelmet|RoughSkin|StealthRock,Spikes,Earthquake,DragonTail|Jolly|,252,,,4,252|F||||,,,,,Dragon]Marshydow||LifeOrb|Technician|DrainPunch,IcePunch,ShadowSneak,SpectralThief|Jolly|,252,,,4,252|M||||,,,,,Ghost]Zoroark|ZoroarkHisui|FocusSash|Illusion|WillOWisp,KnockOff,Protect,Uturn|Jolly|252,4,,,,252|M||||,,,,,Normal]Toxtricity||Toxtricite|PunkRock|Boomburst,Overdrive,SludgeBomb,Toxic|Modest|252,,,252,4,|F|,0,,,,|||,,,,,Electric\",\"rating\":0}\n>chat ☆The_Shawdoin|iew\n>chat ☆The_Shawdoin|gl hf\n>chat ☆Tapuplayz|you too\n>p1 team 1, 2, 3, 4, 5, 6\n>p2 team 2, 3, 6, 5, 1, 4\n>p1 move direclaw\n>p2 move thunderwave\n>p1 move direclaw\n>p2 move wildboltstorm\n>p1 move direclaw\n>p2 switch 3\n>p1 switch 5\n>p2 move sludgebomb\n>p1 move stealthrock\n>p2 switch 4\n>chat ~SparksTheNeo|50% lmao\n>p1 switch 5\n>p2 move knockoff\n>p1 move wish\n>p2 move uturn\n>p2 switch 3\n>p1 move direclaw\n>p2 move taunt\n>chat ~SparksTheNeo|oh there it is\n>p1 switch 6\n>p2 switch 3\n>p1 switch 6\n>p2 move knockoff\n>p1 move direclaw\n>p2 move uturn\n>p2 switch 4\n>p1 switch 5\n>p2 move sludgebomb mega\n>p1 move earthquake\n>p2 switch 4\n>p1 switch 5\n>p2 move uturn\n>p2 switch 6\n>p1 move moonblast terastallize\n>p2 move icepunch\n>chat  menace2sociteh|Ayyy my fellow brother from the fisalalalalala division who also drafted wild wind\n>chat  menace2sociteh|Cook\n>p1 move wish\n>p2 move spectralthief\n>p1 switch 2\n>p2 switch 4\n>p1 move tripleaxel\n>p2 move boomburst\n>p1 switch 3\n>p1 move icebeam mega\n>p2 move overdrive\n>p2 switch 5\n>p1 move strengthsap\n>p2 switch 3\n>p1 move icebeam\n>p2 move wildboltstorm\n>p2 switch 2\n>p1 move icebeam\n>p2 move dragontail\n>p2 switch 3\n>chat ☆The_Shawdoin|????\n>chat ~SparksTheNeo|garchomp\n>chat ~SparksTheNeo|slower??\n>chat ☆The_Shawdoin|im no speed invest\n>p1 move sludgebomb\n>p2 move knockoff\n>chat ~SparksTheNeo|the iron ball chomp goes crazy\n>chat ☆Tapuplayz|gg\n>p2 switch 6\n>chat ☆The_Shawdoin|gg\n>p1 switch 4\n>p2 move knockoff\n>chat ~SparksTheNeo|oh wait lagging tail is the slowing one\n>p1 move ironhead\n>p2 move knockoff","uploadtime":1761151376}