{"id":"gen9bssfactory-514","log":"|j|☆japexulna69\n|j|☆john961\n|html|<table width=\"100%\"><tr><td align=\"left\">japexulna69</td><td align=\"right\">john961</tr><tr><td align=\"left\"><i class=\"fa fa-circle-o\"></i> <i class=\"fa fa-circle-o\"></i> <i class=\"fa fa-circle-o\"></i> <i class=\"fa fa-circle-o\"></i> <i class=\"fa fa-circle-o\"></i> </td><td align=\"right\"><i class=\"fa fa-circle-o\"></i> <i class=\"fa fa-circle-o\"></i> <i class=\"fa fa-circle-o\"></i> <i class=\"fa fa-circle-o\"></i> <i class=\"fa fa-circle-o\"></i> </tr></table>\n|uhtml|bestof|<h2><strong>Game 1</strong> of <a href=\"/game-bestof9-gen9bssfactory-513\">a best-of-9</a></h2>\n|t:|1763937198\n|gametype|singles\n|player|p1|japexulna69|102|\n|player|p2|john961|miku-flying|\n|gen|9\n|tier|[Gen 9] BSS Factory\n|rule|Species Clause: Limit one of each Pokémon\n|rule|HP Percentage Mod: HP is shown in percentages\n|rule|Sleep Clause Mod: Limit one foe put to sleep\n|rule|Illusion Level Mod: Illusion disguises the Pokémon's true level\n|raw|<div class=\"infobox\"><details class=\"readmore\" open><summary><strong>1 custom rule:</strong></summary> Best of = 9</details></div>\n|\n|t:|1763937198\n|teamsize|p1|6\n|teamsize|p2|6\n|start\n|switch|p1a: Sceptile-Prime|Sceptile-Prime, L70, F|227/227\n|switch|p2a: Machamp-Stellar|Machamp-Stellar, L75, F|289/289\n|turn|1\n|\n|t:|1763937228\n|move|p1a: Sceptile-Prime|Bullet Seed|p2a: Machamp-Stellar\n|-damage|p2a: Machamp-Stellar|252/289\n|-damage|p2a: Machamp-Stellar|215/289\n|-damage|p2a: Machamp-Stellar|179/289\n|-damage|p2a: Machamp-Stellar|146/289\n|-damage|p2a: Machamp-Stellar|110/289\n|-hitcount|p2a: Machamp-Stellar|5\n|move|p2a: Machamp-Stellar|Dynamic Punch|p1a: Sceptile-Prime\n|-damage|p1a: Sceptile-Prime|56/227\n|-start|p1a: Sceptile-Prime|confusion\n|\n|upkeep\n|turn|2\n|\n|t:|1763937248\n|switch|p2a: Weezing|Weezing, L75, M|253/253\n|-activate|p1a: Sceptile-Prime|confusion\n|move|p1a: Sceptile-Prime|Bullet Seed|p2a: Weezing\n|-resisted|p2a: Weezing\n|-damage|p2a: Weezing|235/253\n|-resisted|p2a: Weezing\n|-damage|p2a: Weezing|217/253\n|-resisted|p2a: Weezing\n|-damage|p2a: Weezing|199/253\n|-resisted|p2a: Weezing\n|-damage|p2a: Weezing|181/253\n|-resisted|p2a: Weezing\n|-damage|p2a: Weezing|163/253\n|-hitcount|p2a: Weezing|5\n|\n|upkeep\n|turn|3\n|\n|t:|1763937255\n|-end|p1a: Sceptile-Prime|confusion\n|move|p1a: Sceptile-Prime|Scale Shot|p2a: Weezing\n|-damage|p2a: Weezing|150/253\n|-damage|p2a: Weezing|137/253\n|-damage|p2a: Weezing|124/253\n|-damage|p2a: Weezing|112/253\n|-damage|p2a: Weezing|99/253\n|-hitcount|p2a: Weezing|5\n|-unboost|p1a: Sceptile-Prime|def|1\n|-boost|p1a: Sceptile-Prime|spe|1\n|move|p2a: Weezing|Will-O-Wisp|p1a: Sceptile-Prime\n|-status|p1a: Sceptile-Prime|brn\n|\n|-damage|p1a: Sceptile-Prime|42/227 brn|[from] brn\n|upkeep\n|turn|4\n|\n|t:|1763937278\n|switch|p1a: Klefki|Klefki, L75, M|241/241\n|move|p2a: Weezing|Haze|p2a: Weezing\n|-clearallboost\n|\n|upkeep\n|turn|5\n|\n|t:|1763937285\n|move|p1a: Klefki|Spikes|p2a: Weezing\n|-sidestart|p2: john961|Spikes\n|move|p2a: Weezing|Will-O-Wisp|p1a: Klefki\n|-status|p1a: Klefki|brn\n|\n|-damage|p1a: Klefki|226/241 brn|[from] brn\n|upkeep\n|turn|6\n|\n|t:|1763937299\n|switch|p2a: Machamp-Stellar|Machamp-Stellar, L75, F|110/289\n|-damage|p2a: Machamp-Stellar|74/289|[from] Spikes\n|move|p1a: Klefki|Spikes|p2a: Machamp-Stellar\n|-sidestart|p2: john961|Spikes\n|\n|-heal|p1a: Klefki|241/241 brn|[from] item: Leftovers\n|-damage|p1a: Klefki|226/241 brn|[from] brn\n|upkeep\n|turn|7\n|\n|t:|1763937307\n|switch|p1a: Sceptile-Prime|Sceptile-Prime, L70, F|42/227 brn\n|move|p2a: Machamp-Stellar|Dynamic Punch|p1a: Sceptile-Prime\n|-damage|p1a: Sceptile-Prime|0 fnt\n|faint|p1a: Sceptile-Prime\n|\n|upkeep\n|\n|t:|1763937315\n|switch|p1a: Raging Bolt|Raging Bolt, L75|295/295\n|turn|8\n|\n|t:|1763937319\n|move|p1a: Raging Bolt|Volt Switch|p2a: Machamp-Stellar\n|-damage|p2a: Machamp-Stellar|0 fnt\n|faint|p2a: Machamp-Stellar\n|\n|t:|1763937322\n|-end|p1a: Raging Bolt|Protosynthesis|[silent]\n|switch|p1a: Mienshao|Mienshao, L75, F|205/205|[from] Volt Switch\n|\n|upkeep\n|\n|t:|1763937330\n|switch|p2a: Tornadus|Tornadus, L75, M|226/226\n|turn|9\n|\n|t:|1763937357\n|-terastallize|p1a: Mienshao|Dark\n|move|p1a: Mienshao|Ice Spinner|p2a: Tornadus\n|-supereffective|p2a: Tornadus\n|-damage|p2a: Tornadus|48/226\n|move|p2a: Tornadus|Bleakwind Storm|p1a: Mienshao\n|-damage|p1a: Mienshao|24/205\n|\n|upkeep\n|turn|10\n|\n|t:|1763937377\n|switch|p1a: Klefki|Klefki, L75, M|226/241 brn\n|move|p2a: Tornadus|Bleakwind Storm|p1a: Klefki\n|-resisted|p1a: Klefki\n|-damage|p1a: Klefki|169/241 brn\n|-unboost|p1a: Klefki|spe|1\n|\n|-heal|p1a: Klefki|184/241 brn|[from] item: Leftovers\n|-damage|p1a: Klefki|169/241 brn|[from] brn\n|upkeep\n|turn|11\n|\n|t:|1763937385\n|move|p1a: Klefki|Thunder Wave|p2a: Tornadus\n|-status|p2a: Tornadus|par\n|move|p2a: Tornadus|Heat Wave|p1a: Klefki\n|-supereffective|p1a: Klefki\n|-damage|p1a: Klefki|33/241 brn\n|\n|-heal|p1a: Klefki|48/241 brn|[from] item: Leftovers\n|-damage|p1a: Klefki|33/241 brn|[from] brn\n|upkeep\n|turn|12\n|\n|t:|1763937401\n|move|p1a: Klefki|Spikes|p2a: Tornadus\n|-sidestart|p2: john961|Spikes\n|move|p2a: Tornadus|Heat Wave|p1a: Klefki\n|-supereffective|p1a: Klefki\n|-damage|p1a: Klefki|0 fnt\n|faint|p1a: Klefki\n|\n|upkeep\n|\n|t:|1763937409\n|switch|p1a: Raging Bolt|Raging Bolt, L75|295/295\n|turn|13\n|\n|t:|1763937413\n|move|p1a: Raging Bolt|Volt Switch|p2a: Tornadus\n|-supereffective|p2a: Tornadus\n|-damage|p2a: Tornadus|0 fnt\n|faint|p2a: Tornadus\n|\n|t:|1763937416\n|-end|p1a: Raging Bolt|Protosynthesis|[silent]\n|switch|p1a: Mienshao|Mienshao, L75, F, tera:Dark|92/205|[from] Volt Switch\n|\n|upkeep\n|\n|t:|1763937424\n|switch|p2a: Weezing|Weezing, L75, M|99/253\n|turn|14\n|\n|t:|1763937429\n|move|p1a: Mienshao|U-turn|p2a: Weezing\n|-resisted|p2a: Weezing\n|-damage|p2a: Weezing|80/253\n|-damage|p1a: Mienshao|58/205|[from] item: Rocky Helmet|[of] p2a: Weezing\n|\n|t:|1763937431\n|switch|p1a: Camerupt|Camerupt, L75, F|259/259|[from] U-turn\n|move|p2a: Weezing|Sludge Bomb|p1a: Camerupt\n|-resisted|p1a: Camerupt\n|-damage|p1a: Camerupt|214/259\n|\n|upkeep\n|turn|15\n|\n|t:|1763937440\n|detailschange|p1a: Camerupt|Camerupt-Mega, L75, F\n|-mega|p1a: Camerupt|Camerupt|Cameruptite\n|move|p2a: Weezing|Pain Split|p1a: Camerupt\n|-sethp|p1a: Camerupt|147/259|[from] move: Pain Split|[silent]\n|-sethp|p2a: Weezing|147/253|[from] move: Pain Split\n|move|p1a: Camerupt|Eruption|p2a: Weezing\n|-damage|p2a: Weezing|0 fnt\n|faint|p2a: Weezing\n|\n|upkeep\n|\n|t:|1763937457\n|switch|p2a: Porygon2|Porygon2, L75|283/283\n|-damage|p2a: Porygon2|213/283|[from] Spikes\n|-ability|p2a: Porygon2|Sheer Force|Trace|[from] ability: Trace|[of] p1a: Camerupt\n|turn|16\n|\n|t:|1763937466\n|move|p2a: Porygon2|Ice Beam|p1a: Camerupt\n|-damage|p1a: Camerupt|75/259\n|move|p1a: Camerupt|Earth Power|p2a: Porygon2\n|-damage|p2a: Porygon2|125/283\n|\n|upkeep\n|turn|17\n|\n|t:|1763937472\n|move|p2a: Porygon2|Recover|p2a: Porygon2\n|-heal|p2a: Porygon2|267/283\n|move|p1a: Camerupt|Earth Power|p2a: Porygon2\n|-damage|p2a: Porygon2|177/283\n|\n|upkeep\n|turn|18\n|\n|t:|1763937478\n|move|p2a: Porygon2|Recover|p2a: Porygon2\n|-heal|p2a: Porygon2|283/283\n|move|p1a: Camerupt|Earth Power|p2a: Porygon2\n|-damage|p2a: Porygon2|186/283\n|\n|upkeep\n|turn|19\n|\n|t:|1763937481\n|move|p2a: Porygon2|Ice Beam|p1a: Camerupt\n|-damage|p1a: Camerupt|5/259\n|move|p1a: Camerupt|Earth Power|p2a: Porygon2\n|-damage|p2a: Porygon2|99/283\n|\n|upkeep\n|turn|20\n|\n|t:|1763937485\n|switch|p1a: Fantastic Knight|Fantastic Knight, L75, F|299/299\n|-item|p1a: Fantastic Knight|Air Balloon\n|move|p2a: Porygon2|Recover|p2a: Porygon2\n|-heal|p2a: Porygon2|241/283\n|\n|upkeep\n|turn|21\n|\n|t:|1763937493\n|-terastallize|p2a: Porygon2|Fairy\n|move|p1a: Fantastic Knight|Close Combat|p2a: Porygon2\n|-resisted|p2a: Porygon2\n|-damage|p2a: Porygon2|176/283\n|-unboost|p1a: Fantastic Knight|def|1\n|-unboost|p1a: Fantastic Knight|spd|1\n|move|p2a: Porygon2|Thunder Wave|p1a: Fantastic Knight\n|-status|p1a: Fantastic Knight|par\n|\n|upkeep\n|turn|22\n|\n|t:|1763937505\n|switch|p2a: Chesnaught|Chesnaught, L75, F|287/287\n|-damage|p2a: Chesnaught|216/287|[from] Spikes\n|-end|p1a: Fantastic Knight|Mystic Zone|[silent]\n|switch|p1a: Camerupt|Camerupt-Mega, L75, F|5/259\n|\n|upkeep\n|turn|23\n|\n|t:|1763937518\n|detailschange|p2a: Chesnaught|Chesnaught-Mega, L75, F\n|-mega|p2a: Chesnaught|Chesnaught|Chesnaughtite\n|move|p2a: Chesnaught|Body Press|p1a: Camerupt\n|-damage|p1a: Camerupt|0 fnt\n|faint|p1a: Camerupt\n|detailschange|p1: Camerupt|Camerupt, L75, F|[silent]\n|\n|upkeep\n|\n|t:|1763937527\n|switch|p1a: Mienshao|Mienshao, L75, F, tera:Dark|126/205\n|turn|24\n|\n|t:|1763937534\n|move|p1a: Mienshao|Close Combat|p2a: Chesnaught\n|-supereffective|p2a: Chesnaught\n|-damage|p2a: Chesnaught|0 fnt\n|-unboost|p1a: Mienshao|def|1\n|-unboost|p1a: Mienshao|spd|1\n|faint|p2a: Chesnaught\n|detailschange|p2: Chesnaught|Chesnaught, L75, F|[silent]\n|\n|upkeep\n|\n|t:|1763937541\n|switch|p2a: Porygon2|Porygon2, L75, tera:Fairy|176/283\n|-damage|p2a: Porygon2|106/283|[from] Spikes\n|-ability|p2a: Porygon2|Regenerator|Trace|[from] ability: Trace|[of] p1a: Mienshao\n|turn|25\n|\n|t:|1763937547\n|switch|p1a: Raging Bolt|Raging Bolt, L75|295/295\n|move|p2a: Porygon2|Recover|p2a: Porygon2\n|-heal|p2a: Porygon2|248/283\n|\n|upkeep\n|turn|26\n|\n|t:|1763937551\n|move|p1a: Raging Bolt|Thunderbolt|p2a: Porygon2\n|-damage|p2a: Porygon2|182/283\n|move|p2a: Porygon2|Ice Beam|p1a: Raging Bolt\n|-supereffective|p1a: Raging Bolt\n|-crit|p1a: Raging Bolt\n|-damage|p1a: Raging Bolt|109/295\n|\n|upkeep\n|turn|27\n|\n|t:|1763937562\n|move|p1a: Raging Bolt|Thunderbolt|p2a: Porygon2\n|-damage|p2a: Porygon2|112/283\n|move|p2a: Porygon2|Recover|p2a: Porygon2\n|-heal|p2a: Porygon2|254/283\n|\n|upkeep\n|turn|28\n|\n|t:|1763937566\n|move|p1a: Raging Bolt|Thunderbolt|p2a: Porygon2\n|-damage|p2a: Porygon2|182/283\n|-status|p2a: Porygon2|par\n|move|p2a: Porygon2|Ice Beam|p1a: Raging Bolt\n|-supereffective|p1a: Raging Bolt\n|-damage|p1a: Raging Bolt|0 fnt\n|faint|p1a: Raging Bolt\n|-end|p1a: Raging Bolt|Protosynthesis|[silent]\n|\n|upkeep\n|\n|t:|1763937570\n|switch|p1a: Fantastic Knight|Fantastic Knight, L75, F|299/299 par\n|-item|p1a: Fantastic Knight|Air Balloon\n|turn|29\n|\n|t:|1763937577\n|cant|p1a: Fantastic Knight|par\n|move|p2a: Porygon2|Shadow Ball|p1a: Fantastic Knight\n|-damage|p1a: Fantastic Knight|243/299 par\n|-enditem|p1a: Fantastic Knight|Air Balloon\n|\n|upkeep\n|turn|30\n|\n|t:|1763937587\n|move|p1a: Fantastic Knight|Iron Head|p2a: Porygon2\n|-supereffective|p2a: Porygon2\n|-damage|p2a: Porygon2|12/283 par\n|move|p2a: Porygon2|Shadow Ball|p1a: Fantastic Knight\n|-damage|p1a: Fantastic Knight|185/299 par\n|\n|upkeep\n|turn|31\n|\n|t:|1763937593\n|move|p1a: Fantastic Knight|Iron Head|p2a: Porygon2\n|-supereffective|p2a: Porygon2\n|-crit|p2a: Porygon2\n|-damage|p2a: Porygon2|0 fnt\n|faint|p2a: Porygon2\n|\n|upkeep\n|\n|t:|1763937596\n|switch|p2a: Alcremie|Alcremie, L78, F|262/262\n|-damage|p2a: Alcremie|197/262|[from] Spikes\n|turn|32\n|\n|t:|1763937602\n|move|p2a: Alcremie|Acid Armor|p2a: Alcremie\n|-boost|p2a: Alcremie|def|2\n|cant|p1a: Fantastic Knight|par\n|\n|-heal|p2a: Alcremie|213/262|[from] item: Leftovers\n|upkeep\n|turn|33\n|\n|t:|1763937608\n|move|p2a: Alcremie|Acid Armor|p2a: Alcremie\n|-boost|p2a: Alcremie|def|2\n|move|p1a: Fantastic Knight|Iron Head|p2a: Alcremie\n|-supereffective|p2a: Alcremie\n|-damage|p2a: Alcremie|151/262\n|\n|-heal|p2a: Alcremie|167/262|[from] item: Leftovers\n|upkeep\n|turn|34\n|\n|t:|1763937614\n|move|p2a: Alcremie|Draining Kiss|p1a: Fantastic Knight\n|-damage|p1a: Fantastic Knight|130/299 par\n|-heal|p2a: Alcremie|208/262|[from] drain|[of] p1a: Fantastic Knight\n|move|p1a: Fantastic Knight|Iron Head|p2a: Alcremie\n|-supereffective|p2a: Alcremie\n|-damage|p2a: Alcremie|140/262\n|\n|-heal|p2a: Alcremie|156/262|[from] item: Leftovers\n|upkeep\n|turn|35\n|\n|t:|1763937618\n|move|p2a: Alcremie|Calm Mind|p2a: Alcremie\n|-boost|p2a: Alcremie|spa|1\n|-boost|p2a: Alcremie|spd|1\n|move|p1a: Fantastic Knight|Iron Head|p2a: Alcremie\n|-supereffective|p2a: Alcremie\n|-damage|p2a: Alcremie|84/262\n|\n|-heal|p2a: Alcremie|100/262|[from] item: Leftovers\n|upkeep\n|turn|36\n|\n|t:|1763937621\n|move|p2a: Alcremie|Draining Kiss|p1a: Fantastic Knight\n|-damage|p1a: Fantastic Knight|42/299 par\n|-heal|p2a: Alcremie|166/262|[from] drain|[of] p1a: Fantastic Knight\n|cant|p1a: Fantastic Knight|par\n|\n|-heal|p2a: Alcremie|182/262|[from] item: Leftovers\n|upkeep\n|turn|37\n|\n|t:|1763937627\n|move|p2a: Alcremie|Draining Kiss|p1a: Fantastic Knight\n|-damage|p1a: Fantastic Knight|0 fnt\n|-heal|p2a: Alcremie|214/262|[from] drain|[of] p1a: Fantastic Knight\n|faint|p1a: Fantastic Knight\n|-end|p1a: Fantastic Knight|Mystic Zone|[silent]\n|\n|-heal|p2a: Alcremie|230/262|[from] item: Leftovers\n|upkeep\n|\n|t:|1763937630\n|switch|p1a: Mienshao|Mienshao, L75, F, tera:Dark|194/205\n|turn|38\n|\n|t:|1763937633\n|move|p1a: Mienshao|Close Combat|p2a: Alcremie\n|-resisted|p2a: Alcremie\n|-damage|p2a: Alcremie|206/262\n|-unboost|p1a: Mienshao|def|1\n|-unboost|p1a: Mienshao|spd|1\n|move|p2a: Alcremie|Draining Kiss|p1a: Mienshao\n|-supereffective|p1a: Mienshao\n|-damage|p1a: Mienshao|0 fnt\n|-heal|p2a: Alcremie|262/262|[from] drain|[of] p1a: Mienshao\n|faint|p1a: Mienshao\n|\n|win|john961\n","players":["japexulna69","john961"],"format":"[Gen 9] BSS Factory","rating":null,"private":0,"password":null,"inputlog":">version fcbd19b897670a6ca2d6afcd55efaaf2b6c6cc9b\n>start {\"formatid\":\"gen9bssfactory@@@Best of = 9\",\"seed\":\"sodium,ddb9d9f3d0b463323f419651770dd7cf\"}\n>player p1 {\"name\":\"japexulna69\",\"avatar\":\"102\",\"rating\":0,\"seed\":\"sodium,7309d956e2bbcafea6fd1b742c02e3c3\"}\n>player p2 {\"name\":\"john961\",\"avatar\":\"miku-flying\",\"rating\":0,\"seed\":\"sodium,90397caff8670a44a206a4018eb1d646\"}\n>p1 move bulletseed\n>p2 move dynamicpunch\n>p1 move bulletseed\n>p2 switch 5\n>p1 move scaleshot\n>p2 move willowisp\n>p1 switch 5\n>p2 move haze\n>p1 move spikes\n>p2 move willowisp\n>p1 move spikes\n>p2 switch 5\n>p1 switch 5\n>p2 move dynamicpunch\n>p1 switch 2\n>p1 move voltswitch\n>p2 move earthquake\n>p1 switch 6\n>p2 switch 4\n>p1 move icespinner terastallize\n>p2 move bleakwindstorm\n>p1 switch 5\n>p2 move bleakwindstorm\n>p1 move thunderwave\n>p2 move heatwave\n>p1 move spikes\n>p2 move heatwave\n>p1 switch 6\n>p1 move voltswitch\n>p2 move darkpulse\n>p1 switch 5\n>p2 switch 5\n>p1 move uturn\n>p2 move sludgebomb\n>p1 switch 4\n>p1 move eruption mega\n>p2 move painsplit\n>p2 switch 3\n>p1 move earthpower\n>p2 move icebeam\n>p1 move earthpower\n>p2 move recover\n>p1 move earthpower\n>p2 move recover\n>p1 move earthpower\n>p2 move icebeam\n>p1 switch 3\n>p2 move recover\n>p1 move closecombat\n>p2 move thunderwave terastallize\n>p1 switch 3\n>p2 switch 6\n>p1 move heatwave\n>p2 move bodypress mega\n>p1 switch 4\n>p1 move closecombat\n>p2 move synthesis\n>p2 switch 6\n>p1 switch 5\n>p2 move recover\n>p1 move thunderbolt\n>p2 move icebeam\n>p1 move thunderbolt\n>p2 move recover\n>p1 move thunderbolt\n>p2 move icebeam\n>p1 switch 3\n>p1 move ironhead\n>p2 move shadowball\n>p1 move ironhead\n>p2 move shadowball\n>p1 move ironhead\n>p2 move shadowball\n>p2 switch 2\n>p1 move ironhead\n>p2 move acidarmor\n>p1 move ironhead\n>p2 move acidarmor\n>p1 move ironhead\n>p2 move drainingkiss\n>p1 move ironhead\n>p2 move calmmind\n>p1 move ironhead\n>p2 move drainingkiss\n>p1 move ironhead\n>p2 move drainingkiss\n>p1 switch 5\n>p1 move closecombat\n>p2 move drainingkiss","uploadtime":1763937637}