{"id":"gen9natdexdraft-204","log":"|j|☆Swagboi21_W\n|j|☆chub hub\n|t:|1762104330\n|gametype|singles\n|player|p1|Swagboi21_W|169|\n|player|p2|chub hub|2|\n|gen|9\n|tier|[Gen 9] NatDex Draft\n|rule|Tera Type Preview: Tera Types are shown at Team Preview\n|rule|Sleep Clause Mod: Limit one foe put to sleep\n|rule|OHKO Clause: OHKO moves are banned\n|rule|Evasion Clause: Evasion abilities, items, and moves are banned\n|rule|Evasion Abilities Clause: Evasion abilities are banned\n|rule|Evasion Items Clause: Evasion items are banned\n|rule|Evasion Moves Clause: Evasion moves are banned\n|rule|Endless Battle Clause: Forcing endless battles is banned\n|rule|HP Percentage Mod: HP is shown in percentages\n|raw|<div class=\"infobox\"><details class=\"readmore\" open><summary><strong>1 custom rule:</strong></summary> Tera Type Preview</details></div>\n|clearpoke\n|poke|p1|Araquanid, M|\n|poke|p1|Blastoise-Prime, M|\n|poke|p1|Sandy Shocks|\n|poke|p1|Iron Crown|\n|poke|p1|Blacephalon|\n|poke|p1|Breloom-Prime, F|\n|poke|p2|Basculegion-Prime, M|\n|poke|p2|Raging Bolt|\n|poke|p2|Glimmora, F|\n|poke|p2|Grimmsnarl, M|\n|poke|p2|Durant-Prime, F|\n|poke|p2|Chien-Pao|\n|raw|Swagboi21_W's Tera Types:<br /><psicon pokemon=\"araquanid\" /><psicon type=\"Water\" /> / <psicon pokemon=\"blastoiseprime\" /><psicon type=\"Water\" /> / <psicon pokemon=\"sandyshocks\" /><psicon type=\"Electric\" /> / <psicon pokemon=\"ironcrown\" /><psicon type=\"Fairy\" /> / <psicon pokemon=\"blacephalon\" /><psicon type=\"Fighting\" /> / <psicon pokemon=\"breloomprime\" /><psicon type=\"Grass\" />\n|raw|chub hub's Tera Types:<br /><psicon pokemon=\"basculegionprime\" /><psicon type=\"Water\" /> / <psicon pokemon=\"ragingbolt\" /><psicon type=\"Grass\" /> / <psicon pokemon=\"glimmora\" /><psicon type=\"Rock\" /> / <psicon pokemon=\"grimmsnarl\" /><psicon type=\"Dark\" /> / <psicon pokemon=\"durantprime\" /><psicon type=\"Bug\" /> / <psicon pokemon=\"chienpao\" /><psicon type=\"Dark\" />\n|teampreview\n|c|☆chub hub|hf family\n|c|☆Swagboi21_W|glhf\n|j|~SparksTheNeo\n|\n|t:|1762104375\n|teamsize|p1|6\n|teamsize|p2|6\n|start\n|switch|p1a: Araquanid|Araquanid, M|100/100\n|switch|p2a: Grimmsnarl|Grimmsnarl, M, shiny|100/100\n|turn|1\n|\n|t:|1762104381\n|move|p2a: Grimmsnarl|Reflect|p2a: Grimmsnarl\n|-sidestart|p2: chub hub|Reflect\n|move|p1a: Araquanid|Sticky Web|p2a: Grimmsnarl\n|-sidestart|p2: chub hub|move: Sticky Web\n|\n|upkeep\n|turn|2\n|\n|t:|1762104385\n|move|p2a: Grimmsnarl|Parting Shot|p1a: Araquanid\n|-unboost|p1a: Araquanid|atk|1\n|-unboost|p1a: Araquanid|spa|1\n|\n|t:|1762104397\n|switch|p2a: Raging Bolt|Raging Bolt|100/100|[from] Parting Shot\n|-activate|p2a: Raging Bolt|move: Sticky Web\n|-unboost|p2a: Raging Bolt|spe|1\n|move|p1a: Araquanid|Surf|p2a: Raging Bolt\n|-resisted|p2a: Raging Bolt\n|-damage|p2a: Raging Bolt|80/100\n|\n|-heal|p2a: Raging Bolt|86/100|[from] item: Leftovers\n|upkeep\n|turn|3\n|\n|t:|1762104414\n|move|p2a: Raging Bolt|Calm Mind|p2a: Raging Bolt\n|-boost|p2a: Raging Bolt|spa|1\n|-boost|p2a: Raging Bolt|spd|1\n|move|p1a: Araquanid|Mirror Coat||[still]\n|-fail|p1a: Araquanid\n|\n|-heal|p2a: Raging Bolt|93/100|[from] item: Leftovers\n|upkeep\n|turn|4\n|\n|t:|1762104429\n|switch|p1a: Sandy Shocks|Sandy Shocks|100/100\n|move|p2a: Raging Bolt|Calm Mind|p2a: Raging Bolt\n|-boost|p2a: Raging Bolt|spa|1\n|-boost|p2a: Raging Bolt|spd|1\n|\n|-heal|p2a: Raging Bolt|99/100|[from] item: Leftovers\n|upkeep\n|turn|5\n|c|~SparksTheNeo|why is blacephalon's party sprite kyurem white lol\n|c|☆Swagboi21_W|what\n|\n|t:|1762104452\n|-terastallize|p2a: Raging Bolt|Grass\n|move|p1a: Sandy Shocks|Earth Power|p2a: Raging Bolt\n|-resisted|p2a: Raging Bolt\n|-damage|p2a: Raging Bolt|82/100\n|move|p2a: Raging Bolt|Tera Blast|p1a: Sandy Shocks|[anim] Tera Blast Grass\n|-supereffective|p1a: Sandy Shocks\n|-damage|p1a: Sandy Shocks|0 fnt\n|faint|p1a: Sandy Shocks\n|-end|p1a: Sandy Shocks|Protosynthesis|[silent]\n|\n|-heal|p2a: Raging Bolt|88/100|[from] item: Leftovers\n|upkeep\n|c|☆Swagboi21_W|that's really funny\n|\n|t:|1762104495\n|switch|p1a: Breloom-Prime|Breloom-Prime, F|100/100\n|turn|6\n|\n|t:|1762104501\n|move|p1a: Breloom-Prime|Mach Punch|p2a: Raging Bolt\n|-damage|p2a: Raging Bolt|78/100\n|move|p2a: Raging Bolt|Dragon Pulse|p1a: Breloom-Prime\n|-damage|p1a: Breloom-Prime|0 fnt\n|faint|p1a: Breloom-Prime\n|\n|-heal|p2a: Raging Bolt|84/100|[from] item: Leftovers\n|upkeep\n|\n|t:|1762104521\n|switch|p1a: Iron Crown|Iron Crown|100/100\n|-enditem|p1a: Iron Crown|Booster Energy\n|-activate|p1a: Iron Crown|ability: Quark Drive|[fromitem]\n|-start|p1a: Iron Crown|quarkdrivespe\n|turn|7\n|\n|t:|1762104527\n|move|p2a: Raging Bolt|Thunderclap||[still]\n|-fail|p2a: Raging Bolt\n|move|p1a: Iron Crown|Calm Mind|p1a: Iron Crown\n|-boost|p1a: Iron Crown|spa|1\n|-boost|p1a: Iron Crown|spd|1\n|\n|-heal|p2a: Raging Bolt|90/100|[from] item: Leftovers\n|upkeep\n|turn|8\n|c|☆Swagboi21_W|you aren't the only one who can calm mind their dlc paradox\n|c|☆chub hub|*gulp*\n|\n|t:|1762104560\n|-end|p2a: Raging Bolt|Protosynthesis|[silent]\n|switch|p2a: Chien-Pao|Chien-Pao|100/100\n|-ability|p2a: Chien-Pao|Sword of Ruin\n|move|p1a: Iron Crown|Calm Mind|p1a: Iron Crown\n|-boost|p1a: Iron Crown|spa|1\n|-boost|p1a: Iron Crown|spd|1\n|\n|-sideend|p2: chub hub|Reflect\n|upkeep\n|turn|9\n|\n|t:|1762104595\n|-terastallize|p1a: Iron Crown|Fairy\n|move|p1a: Iron Crown|Tachyon Cutter|p2a: Chien-Pao\n|-supereffective|p2a: Chien-Pao\n|-damage|p2a: Chien-Pao|0 fnt\n|faint|p2a: Chien-Pao\n|-hitcount|p2: Chien-Pao|1\n|\n|upkeep\n|\n|t:|1762104604\n|switch|p2a: Grimmsnarl|Grimmsnarl, M, shiny|100/100\n|-activate|p2a: Grimmsnarl|move: Sticky Web\n|-unboost|p2a: Grimmsnarl|spe|1\n|turn|10\n|\n|t:|1762104610\n|move|p2a: Grimmsnarl|Light Screen|p2a: Grimmsnarl\n|-sidestart|p2: chub hub|move: Light Screen\n|move|p1a: Iron Crown|Tera Blast|p2a: Grimmsnarl|[anim] Tera Blast Fairy\n|-supereffective|p2a: Grimmsnarl\n|-damage|p2a: Grimmsnarl|12/100\n|\n|upkeep\n|turn|11\n|\n|t:|1762104617\n|move|p2a: Grimmsnarl|Parting Shot|p1a: Iron Crown\n|-unboost|p1a: Iron Crown|atk|1\n|-unboost|p1a: Iron Crown|spa|1\n|\n|t:|1762104620\n|switch|p2a: Glimmora|Glimmora, F, shiny|100/100|[from] Parting Shot\n|-activate|p2a: Glimmora|move: Sticky Web\n|-unboost|p2a: Glimmora|spe|1\n|move|p1a: Iron Crown|Tera Blast|p2a: Glimmora|[anim] Tera Blast Fairy\n|-resisted|p2a: Glimmora\n|-damage|p2a: Glimmora|82/100\n|\n|upkeep\n|turn|12\n|\n|t:|1762104632\n|move|p1a: Iron Crown|Psychic|p2a: Glimmora\n|-supereffective|p2a: Glimmora\n|-damage|p2a: Glimmora|0 fnt\n|faint|p2a: Glimmora\n|\n|upkeep\n|\n|t:|1762104638\n|switch|p2a: Durant-Prime|Durant-Prime, F, shiny|100/100\n|-activate|p2a: Durant-Prime|move: Sticky Web\n|-unboost|p2a: Durant-Prime|spe|1\n|turn|13\n|\n|t:|1762104654\n|move|p1a: Iron Crown|Tachyon Cutter|p2a: Durant-Prime\n|-resisted|p2a: Durant-Prime\n|-damage|p2a: Durant-Prime|88/100\n|-resisted|p2a: Durant-Prime\n|-damage|p2a: Durant-Prime|75/100\n|-hitcount|p2a: Durant-Prime|2\n|move|p2a: Durant-Prime|Behemoth Bash|p1a: Iron Crown\n|-supereffective|p1a: Iron Crown\n|-damage|p1a: Iron Crown|0 fnt\n|faint|p1a: Iron Crown\n|-end|p1a: Iron Crown|Quark Drive|[silent]\n|-damage|p2a: Durant-Prime|65/100|[from] item: Life Orb\n|\n|upkeep\n|\n|t:|1762104668\n|switch|p1a: Blacephalon|Blacephalon|100/100\n|turn|14\n|\n|t:|1762104675\n|switch|p2a: Grimmsnarl|Grimmsnarl, M, shiny|12/100\n|-activate|p2a: Grimmsnarl|move: Sticky Web\n|-unboost|p2a: Grimmsnarl|spe|1\n|move|p1a: Blacephalon|Will-O-Wisp|p2a: Grimmsnarl\n|-status|p2a: Grimmsnarl|brn\n|\n|-damage|p2a: Grimmsnarl|6/100 brn|[from] brn\n|upkeep\n|turn|15\n|\n|t:|1762104684\n|switch|p1a: Araquanid|Araquanid, M|100/100\n|move|p2a: Grimmsnarl|Parting Shot|p1a: Araquanid\n|-unboost|p1a: Araquanid|atk|1\n|-unboost|p1a: Araquanid|spa|1\n|\n|t:|1762104689\n|switch|p2a: Raging Bolt|Raging Bolt, tera:Grass|90/100|[from] Parting Shot\n|-activate|p2a: Raging Bolt|move: Sticky Web\n|-unboost|p2a: Raging Bolt|spe|1\n|\n|-heal|p2a: Raging Bolt|96/100|[from] item: Leftovers\n|upkeep\n|turn|16\n|\n|t:|1762104697\n|move|p2a: Raging Bolt|Calm Mind|p2a: Raging Bolt\n|-boost|p2a: Raging Bolt|spa|1\n|-boost|p2a: Raging Bolt|spd|1\n|move|p1a: Araquanid|Surf|p2a: Raging Bolt\n|-resisted|p2a: Raging Bolt\n|-damage|p2a: Raging Bolt|89/100\n|\n|-heal|p2a: Raging Bolt|95/100|[from] item: Leftovers\n|upkeep\n|turn|17\n|\n|t:|1762104709\n|switch|p1a: Blacephalon|Blacephalon|100/100\n|move|p2a: Raging Bolt|Calm Mind|p2a: Raging Bolt\n|-boost|p2a: Raging Bolt|spa|1\n|-boost|p2a: Raging Bolt|spd|1\n|\n|-heal|p2a: Raging Bolt|100/100|[from] item: Leftovers\n|-sideend|p2: chub hub|move: Light Screen\n|upkeep\n|turn|18\n|\n|t:|1762104718\n|move|p2a: Raging Bolt|Thunderclap|p1a: Blacephalon\n|-damage|p1a: Blacephalon|0 fnt\n|faint|p1a: Blacephalon\n|\n|upkeep\n|\n|t:|1762104727\n|switch|p1a: Araquanid|Araquanid, M|100/100\n|turn|19\n|\n|t:|1762104730\n|move|p1a: Araquanid|Protect|p1a: Araquanid\n|-singleturn|p1a: Araquanid|Protect\n|move|p2a: Raging Bolt|Calm Mind|p2a: Raging Bolt\n|-boost|p2a: Raging Bolt|spa|1\n|-boost|p2a: Raging Bolt|spd|1\n|\n|upkeep\n|turn|20\n|\n|t:|1762104737\n|move|p2a: Raging Bolt|Calm Mind|p2a: Raging Bolt\n|-boost|p2a: Raging Bolt|spa|1\n|-boost|p2a: Raging Bolt|spd|1\n|move|p1a: Araquanid|Mirror Coat||[still]\n|-fail|p1a: Araquanid\n|\n|upkeep\n|turn|21\n|\n|t:|1762104742\n|move|p2a: Raging Bolt|Calm Mind|p2a: Raging Bolt\n|-boost|p2a: Raging Bolt|spa|1\n|-boost|p2a: Raging Bolt|spd|1\n|move|p1a: Araquanid|Surf|p2a: Raging Bolt\n|-resisted|p2a: Raging Bolt\n|-damage|p2a: Raging Bolt|91/100\n|\n|-heal|p2a: Raging Bolt|97/100|[from] item: Leftovers\n|upkeep\n|turn|22\n|c|☆Swagboi21_W|gg\n|c|☆chub hub|gg brother\n|\n|t:|1762104749\n|move|p1a: Araquanid|Protect|p1a: Araquanid\n|-singleturn|p1a: Araquanid|Protect\n|move|p2a: Raging Bolt|Calm Mind|p2a: Raging Bolt\n|-boost|p2a: Raging Bolt|spa|1\n|-boost|p2a: Raging Bolt|spd|1\n|\n|-heal|p2a: Raging Bolt|100/100|[from] item: Leftovers\n|upkeep\n|turn|23\n|c|☆Swagboi21_W|I misplayed my blacephalon hard\n|\n|t:|1762104776\n|move|p2a: Raging Bolt|Dragon Pulse|p1a: Araquanid\n|-damage|p1a: Araquanid|0 fnt\n|faint|p1a: Araquanid\n|\n|upkeep\n|\n|t:|1762104779\n|switch|p1a: Blastoise-Prime|Blastoise-Prime, M|100/100\n|-ability|p1a: Blastoise-Prime|Dauntless Shield|boost\n|-boost|p1a: Blastoise-Prime|def|1\n|turn|24\n|\n|t:|1762104786\n|move|p1a: Blastoise-Prime|Shell Smash|p1a: Blastoise-Prime\n|-unboost|p1a: Blastoise-Prime|def|1\n|-unboost|p1a: Blastoise-Prime|spd|1\n|-boost|p1a: Blastoise-Prime|atk|2\n|-boost|p1a: Blastoise-Prime|spa|2\n|-boost|p1a: Blastoise-Prime|spe|2\n|move|p2a: Raging Bolt|Tera Blast|p1a: Blastoise-Prime|[anim] Tera Blast Grass\n|-supereffective|p1a: Blastoise-Prime\n|-damage|p1a: Blastoise-Prime|0 fnt\n|faint|p1a: Blastoise-Prime\n|\n|win|chub hub\n|c|☆chub hub|dauntless shield!\n|c|☆chub hub|tf\n|c|☆chub hub|gg man\n|c|☆Swagboi21_W|gg\n|l|☆Swagboi21_W\n|player|p1|\n|j|☆Swagboi21_W\n|player|p1|Swagboi21_W|169|\n","players":["Swagboi21_W","chub hub"],"format":"[Gen 9] NatDex Draft","rating":null,"private":0,"password":null,"inputlog":">version 2352b00944e7462b49311a255b814d2e23110915\n>start {\"formatid\":\"gen9natdexdraft@@@Tera Type Preview\",\"seed\":\"sodium,1fb66bafac38cf0efba39c80b71ed0f3\"}\n>player p1 {\"name\":\"Swagboi21_W\",\"avatar\":\"169\",\"team\":\"Araquanid||MysticWater|WaterBubble|Surf,StickyWeb,Protect,MirrorCoat|Modest|248,,,252,8,|M|,0,,,,|||,,,,,Water]Blastoise-Prime||NeverMeltIce|DauntlessShield|ShellSmash,OriginPulse,RapidSpin,FreezeDry|Modest|,,,252,4,252|M||||,,,,,Water]Sandy Shocks||ChoiceSpecs|Protosynthesis|EarthPower,Thunderbolt,VoltSwitch,Thunder|Timid|,,,252,4,252|N|,0,,,,|||,,,,,Electric]Iron Crown||BoosterEnergy|QuarkDrive|CalmMind,Psychic,TachyonCutter,TeraBlast|Timid|,,84,172,,252|N||||,Fighting,,,,Fairy]Blacephalon||ChoiceScarf|BeastBoost|Flamethrower,ShadowBall,WillOWisp,MindBlown|Timid|,,,252,4,252|N|,0,,,,|||,,,,,Fighting]Breloom-Prime||LoadedDice|Technician|BulletSeed,MachPunch,Spore,RockTomb|Jolly|,252,,,4,252|F||||,,,,,Grass\",\"rating\":0}\n>player p2 {\"name\":\"chub hub\",\"avatar\":\"2\",\"team\":\"Basculegion-Prime||ColburBerry|SupremeOverlord|NoRetreat,AquaJet,WaveCrash,PhantomForce|Jolly|,252,,,,252|M||S||,,,,,Water]Raging Bolt||Leftovers|Protosynthesis|Thunderclap,TeraBlast,DragonPulse,CalmMind|Bold|,,252,252,,4|N||||,Fighting,,,,Grass]Glimmora||SafetyGoggles|ToxicDebris|MortalSpin,SludgeWave,PowerGem,EarthPower|Timid|,,4,252,,252|F||S||,,,,,Rock]Grimmsnarl||LightClay|Prankster|Reflect,LightScreen,SpiritBreak,PartingShot|Impish|248,8,252,,,|M||S||,,,,,Dark]Durant-Prime||LifeOrb|Hustle|BehemothBash,HoneClaws,XScissor,HighHorsepower|Jolly|112,252,,,,144|F||S||,,,,,Bug]Chien-Pao||HeavyDutyBoots|SwordofRuin|SwordsDance,IceShard,IceSpinner,Crunch|Jolly|24,252,,,16,216|N||||,,,,,Dark\",\"rating\":0}\n>chat ☆chub hub|hf family\n>chat ☆Swagboi21_W|glhf\n>p1 team 1, 2, 3, 4, 5, 6\n>p2 team 4, 2, 3, 1, 5, 6\n>p1 move stickyweb\n>p2 move reflect\n>p1 move surf\n>p2 move partingshot\n>p2 switch 2\n>p1 move mirrorcoat\n>p2 move calmmind\n>p1 switch 3\n>p2 move calmmind\n>chat ~SparksTheNeo|why is blacephalon's party sprite kyurem white lol\n>chat ☆Swagboi21_W|what\n>p1 move earthpower\n>p2 move terablast terastallize\n>chat ☆Swagboi21_W|that's really funny\n>p1 switch 6\n>p1 move machpunch\n>p2 move dragonpulse\n>p1 switch 4\n>p1 move calmmind\n>p2 move thunderclap\n>chat ☆Swagboi21_W|you aren't the only one who can calm mind their dlc paradox\n>chat ☆chub hub|*gulp*\n>p1 move calmmind\n>p2 switch 6\n>p1 move tachyoncutter terastallize\n>p2 move icespinner\n>p2 switch 2\n>p1 move terablast\n>p2 move lightscreen\n>p1 move terablast\n>p2 move partingshot\n>p2 switch 3\n>p1 move psychic\n>p2 move mortalspin\n>p2 switch 5\n>p1 move tachyoncutter\n>p2 move behemothbash\n>p1 switch 5\n>p1 move willowisp\n>p2 switch 3\n>p1 switch 3\n>p2 move partingshot\n>p2 switch 6\n>p1 move surf\n>p2 move calmmind\n>p1 switch 3\n>p2 move calmmind\n>p1 move flamethrower\n>p2 move thunderclap\n>p1 switch 3\n>p1 move protect\n>p2 move calmmind\n>p1 move mirrorcoat\n>p2 move calmmind\n>p1 move surf\n>p2 move calmmind\n>chat ☆Swagboi21_W|gg\n>chat ☆chub hub|gg brother\n>p1 move protect\n>p2 move calmmind\n>chat ☆Swagboi21_W|I misplayed my blacephalon hard\n>p1 move surf\n>p2 move dragonpulse\n>p1 switch 2\n>p1 move shellsmash\n>p2 move terablast","uploadtime":1762104816}