{"id":"gen9natdexdraft-51","log":"|j|☆ElysianSoul222\n|j|☆testingooooo\n|t:|1759929523\n|gametype|singles\n|player|p1|ElysianSoul222|skierf|\n|player|p2|testingooooo|265|\n|gen|9\n|tier|[Gen 9] NatDex Draft\n|rule|Tera Type Preview: Tera Types are shown at Team Preview\n|rule|Sleep Clause Mod: Limit one foe put to sleep\n|rule|OHKO Clause: OHKO moves are banned\n|rule|Evasion Clause: Evasion abilities, items, and moves are banned\n|rule|Evasion Abilities Clause: Evasion abilities are banned\n|rule|Evasion Items Clause: Evasion items are banned\n|rule|Evasion Moves Clause: Evasion moves are banned\n|rule|Endless Battle Clause: Forcing endless battles is banned\n|rule|HP Percentage Mod: HP is shown in percentages\n|raw|<div class=\"infobox\"><details class=\"readmore\" open><summary><strong>1 custom rule:</strong></summary> Tera Type Preview</details></div>\n|clearpoke\n|poke|p1|Flutter Lame, F|\n|poke|p1|Celebi-Hell, F|\n|poke|p1|Starmie, M|\n|poke|p1|Krookodile, M|\n|poke|p1|Rotom-Fan|\n|poke|p1|Miltank, F|\n|poke|p2|Roaring Moon|\n|poke|p2|Irony Friends, F|\n|poke|p2|Reuniclus-Hell, F|\n|poke|p2|Iron Bundle|\n|poke|p2|Ceruledge, M|\n|poke|p2|Regifly, M|\n|raw|ElysianSoul222's Tera Types:<br /><psicon pokemon=\"flutterlame\" /><psicon type=\"Fairy\" /> / <psicon pokemon=\"celebihell\" /><psicon type=\"Steel\" /> / <psicon pokemon=\"starmie\" /><psicon type=\"Water\" /> / <psicon pokemon=\"krookodile\" /><psicon type=\"Ground\" /> / <psicon pokemon=\"rotomfan\" /><psicon type=\"Electric\" /> / <psicon pokemon=\"miltank\" /><psicon type=\"Normal\" />\n|raw|testingooooo's Tera Types:<br /><psicon pokemon=\"roaringmoon\" /><psicon type=\"Dragon\" /> / <psicon pokemon=\"ironyfriends\" /><psicon type=\"Psychic\" /> / <psicon pokemon=\"reuniclushell\" /><psicon type=\"Normal\" /> / <psicon pokemon=\"ironbundle\" /><psicon type=\"Ice\" /> / <psicon pokemon=\"ceruledge\" /><psicon type=\"Ghost\" /> / <psicon pokemon=\"regifly\" /><psicon type=\"Flying\" />\n|teampreview\n|c|☆testingooooo|ayyy\n|c|☆ElysianSoul222|hf\n|c|☆testingooooo|ooh no blaziken\n|c|☆testingooooo|hf\n|\n|t:|1759929574\n|teamsize|p1|6\n|teamsize|p2|6\n|start\n|switch|p1a: Rotom|Rotom-Fan, shiny|100/100\n|switch|p2a: Irony Friends|Irony Friends, F|100/100\n|turn|1\n|\n|t:|1759929590\n|move|p1a: Rotom|Volt Switch|p2a: Irony Friends\n|-damage|p2a: Irony Friends|89/100\n|\n|t:|1759929612\n|switch|p1a: Krookodile|Krookodile, M, shiny|100/100|[from] Volt Switch\n|move|p2a: Irony Friends|Sunny Day|p2a: Irony Friends\n|-weather|SunnyDay\n|\n|-weather|SunnyDay|[upkeep]\n|upkeep\n|turn|2\n|\n|t:|1759929626\n|-end|p2a: Irony Friends|Quark Drive|[silent]\n|switch|p2a: Reuniclus-Hell|Reuniclus-Hell, F|100/100\n|move|p1a: Krookodile|Earthquake|p2a: Reuniclus-Hell\n|-damage|p2a: Reuniclus-Hell|44/100\n|\n|-weather|SunnyDay|[upkeep]\n|upkeep\n|turn|3\n|\n|t:|1759929663\n|switch|p1a: Rotom|Rotom-Fan, shiny|100/100\n|switch|p2a: Regifly|Regifly, M|100/100\n|\n|-weather|SunnyDay|[upkeep]\n|upkeep\n|turn|4\n|j| Capitao General ll\n|\n|t:|1759929682\n|switch|p2a: Roaring Moon|Roaring Moon|100/100\n|-activate|p2a: Roaring Moon|ability: Protosynthesis\n|-start|p2a: Roaring Moon|protosynthesisatk\n|move|p1a: Rotom|Volt Switch|p2a: Roaring Moon\n|-resisted|p2a: Roaring Moon\n|-damage|p2a: Roaring Moon|92/100\n|\n|t:|1759929703\n|switch|p1a: Miltank|Miltank, F, shiny|100/100|[from] Volt Switch\n|\n|-weather|SunnyDay|[upkeep]\n|upkeep\n|turn|5\n|\n|t:|1759929711\n|move|p2a: Roaring Moon|U-turn|p1a: Miltank\n|-damage|p1a: Miltank|81/100\n|-damage|p2a: Roaring Moon|75/100|[from] item: Rocky Helmet|[of] p1a: Miltank\n|\n|t:|1759929719\n|-end|p2a: Roaring Moon|Protosynthesis|[silent]\n|switch|p2a: Ceruledge|Ceruledge, M|100/100|[from] U-turn\n|move|p1a: Miltank|Body Press|p2a: Ceruledge\n|-immune|p2a: Ceruledge\n|\n|-weather|SunnyDay|[upkeep]\n|upkeep\n|turn|6\n|\n|t:|1759929730\n|move|p1a: Miltank|Curse|p1a: Miltank\n|-unboost|p1a: Miltank|spe|1\n|-boost|p1a: Miltank|atk|1\n|-boost|p1a: Miltank|def|1\n|move|p2a: Ceruledge|Bitter Blade|p1a: Miltank\n|-damage|p1a: Miltank|64/100\n|-damage|p2a: Ceruledge|84/100|[from] item: Rocky Helmet|[of] p1a: Miltank\n|\n|-weather|SunnyDay|[upkeep]\n|upkeep\n|turn|7\n|\n|t:|1759929737\n|switch|p2a: Iron Bundle|Iron Bundle|100/100\n|move|p1a: Miltank|Milk Drink|p1a: Miltank\n|-heal|p1a: Miltank|100/100\n|\n|-weather|SunnyDay|[upkeep]\n|upkeep\n|turn|8\n|\n|t:|1759929781\n|switch|p1a: Celebi-Hell|Celebi-Hell, F, shiny|100/100\n|move|p2a: Iron Bundle|Encore||[still]\n|-fail|p2a: Iron Bundle\n|\n|-weather|none\n|upkeep\n|turn|9\n|\n|t:|1759929787\n|move|p2a: Iron Bundle|Flip Turn|p1a: Celebi-Hell\n|-damage|p1a: Celebi-Hell|88/100\n|\n|t:|1759929795\n|-end|p2a: Iron Bundle|Quark Drive|[silent]\n|switch|p2a: Irony Friends|Irony Friends, F|89/100|[from] Flip Turn\n|move|p1a: Celebi-Hell|Stealth Rock|p2a: Irony Friends\n|-sidestart|p2: testingooooo|move: Stealth Rock\n|\n|-heal|p1a: Celebi-Hell|95/100|[from] item: Leftovers\n|upkeep\n|turn|10\n|\n|t:|1759929806\n|move|p1a: Celebi-Hell|U-turn|p2a: Irony Friends\n|-damage|p2a: Irony Friends|79/100\n|\n|t:|1759929817\n|switch|p1a: Krookodile|Krookodile, M, shiny|100/100|[from] U-turn\n|move|p2a: Irony Friends|Sunny Day|p2a: Irony Friends\n|-weather|SunnyDay\n|\n|-weather|SunnyDay|[upkeep]\n|upkeep\n|turn|11\n|\n|t:|1759929824\n|-activate|p2a: Irony Friends|move: Pursuit\n|move|p1a: Krookodile|Pursuit|p2a: Irony Friends|[from] Pursuit\n|-supereffective|p2a: Irony Friends\n|-damage|p2a: Irony Friends|0 fnt\n|faint|p2a: Irony Friends\n|-end|p2a: Irony Friends|Quark Drive|[silent]\n|-ability|p1a: Krookodile|Moxie|boost\n|-boost|p1a: Krookodile|atk|1\n|-hint|A Pokemon can't switch between when it runs out of HP and when it faints\n|\n|-weather|SunnyDay|[upkeep]\n|upkeep\n|\n|t:|1759929861\n|switch|p2a: Iron Bundle|Iron Bundle|100/100\n|turn|12\n|\n|t:|1759929888\n|switch|p1a: Flutter Lame|Flutter Lame, F, shiny|100/100\n|-activate|p1a: Flutter Lame|ability: Protosynthesis\n|-start|p1a: Flutter Lame|protosynthesisspa\n|move|p2a: Iron Bundle|Flip Turn|p1a: Flutter Lame\n|-damage|p1a: Flutter Lame|90/100\n|\n|t:|1759929894\n|-end|p2a: Iron Bundle|Quark Drive|[silent]\n|switch|p2a: Roaring Moon|Roaring Moon|75/100|[from] Flip Turn\n|-damage|p2a: Roaring Moon|63/100|[from] Stealth Rock\n|-activate|p2a: Roaring Moon|ability: Protosynthesis\n|-start|p2a: Roaring Moon|protosynthesisatk\n|\n|-weather|SunnyDay|[upkeep]\n|upkeep\n|turn|13\n|\n|t:|1759929921\n|-end|p1a: Flutter Lame|Protosynthesis|[silent]\n|switch|p1a: Rotom|Rotom-Fan, shiny|100/100\n|move|p2a: Roaring Moon|Knock Off|p1a: Rotom\n|-damage|p1a: Rotom|46/100\n|-enditem|p1a: Rotom|Safety Goggles|[from] move: Knock Off|[of] p2a: Roaring Moon\n|\n|-weather|SunnyDay|[upkeep]\n|upkeep\n|turn|14\n|\n|t:|1759929941\n|move|p2a: Roaring Moon|Knock Off|p1a: Rotom\n|-damage|p1a: Rotom|4/100\n|move|p1a: Rotom|Volt Switch|p2a: Roaring Moon\n|-resisted|p2a: Roaring Moon\n|-damage|p2a: Roaring Moon|54/100\n|\n|t:|1759929947\n|switch|p1a: Miltank|Miltank, F, shiny|100/100|[from] Volt Switch\n|\n|-weather|SunnyDay|[upkeep]\n|upkeep\n|turn|15\n|\n|t:|1759929952\n|move|p2a: Roaring Moon|Knock Off|p1a: Miltank\n|-damage|p1a: Miltank|61/100\n|-damage|p2a: Roaring Moon|38/100|[from] item: Rocky Helmet|[of] p1a: Miltank\n|-enditem|p1a: Miltank|Rocky Helmet|[from] move: Knock Off|[of] p2a: Roaring Moon\n|move|p1a: Miltank|Body Press|p2a: Roaring Moon\n|-supereffective|p2a: Roaring Moon\n|-damage|p2a: Roaring Moon|0 fnt\n|faint|p2a: Roaring Moon\n|-end|p2a: Roaring Moon|Protosynthesis|[silent]\n|\n|-weather|SunnyDay|[upkeep]\n|upkeep\n|\n|t:|1759929965\n|switch|p2a: Regifly|Regifly, M|100/100\n|turn|16\n|\n|t:|1759929975\n|switch|p1a: Rotom|Rotom-Fan, shiny|4/100\n|-terastallize|p2a: Regifly|Flying\n|move|p2a: Regifly|Aeroblast|p1a: Rotom\n|-resisted|p1a: Rotom\n|-damage|p1a: Rotom|0 fnt\n|faint|p1a: Rotom\n|\n|-weather|SunnyDay|[upkeep]\n|upkeep\n|\n|t:|1759929982\n|switch|p1a: Celebi-Hell|Celebi-Hell, F, shiny|95/100\n|turn|17\n|\n|t:|1759929989\n|switch|p2a: Ceruledge|Ceruledge, M|84/100\n|-damage|p2a: Ceruledge|59/100|[from] Stealth Rock\n|move|p1a: Celebi-Hell|Ancient Power|p2a: Ceruledge\n|-supereffective|p2a: Ceruledge\n|-damage|p2a: Ceruledge|33/100\n|\n|-weather|none\n|-heal|p1a: Celebi-Hell|100/100|[from] item: Leftovers\n|upkeep\n|turn|18\n|\n|t:|1759929999\n|switch|p1a: Miltank|Miltank, F, shiny|61/100\n|move|p2a: Ceruledge|Bitter Blade|p1a: Miltank\n|-damage|p1a: Miltank|46/100\n|-heal|p2a: Ceruledge|41/100|[from] drain|[of] p1a: Miltank\n|\n|upkeep\n|turn|19\n|\n|t:|1759930014\n|switch|p2a: Reuniclus-Hell|Reuniclus-Hell, F|44/100\n|move|p1a: Miltank|Milk Drink|p1a: Miltank\n|-heal|p1a: Miltank|96/100\n|\n|upkeep\n|turn|20\n|\n|t:|1759930020\n|switch|p1a: Flutter Lame|Flutter Lame, F, shiny|90/100\n|move|p2a: Reuniclus-Hell|Recover|p2a: Reuniclus-Hell\n|-heal|p2a: Reuniclus-Hell|94/100\n|\n|upkeep\n|turn|21\n|\n|t:|1759930025\n|move|p1a: Flutter Lame|Taunt|p2a: Reuniclus-Hell\n|-start|p2a: Reuniclus-Hell|move: Taunt\n|move|p2a: Reuniclus-Hell|Moonblast|p1a: Flutter Lame\n|-damage|p1a: Flutter Lame|48/100\n|\n|upkeep\n|turn|22\n|\n|t:|1759930039\n|-terastallize|p1a: Flutter Lame|Fairy\n|move|p1a: Flutter Lame|Draining Kiss|p2a: Reuniclus-Hell\n|-damage|p2a: Reuniclus-Hell|42/100\n|-heal|p1a: Flutter Lame|100/100|[from] drain|[of] p2a: Reuniclus-Hell\n|-damage|p1a: Flutter Lame|91/100|[from] item: Life Orb\n|move|p2a: Reuniclus-Hell|Moonblast|p1a: Flutter Lame\n|-damage|p1a: Flutter Lame|52/100\n|\n|upkeep\n|turn|23\n|\n|t:|1759930047\n|move|p1a: Flutter Lame|Draining Kiss|p2a: Reuniclus-Hell\n|-damage|p2a: Reuniclus-Hell|0 fnt\n|-heal|p1a: Flutter Lame|93/100|[from] drain|[of] p2a: Reuniclus-Hell\n|faint|p2a: Reuniclus-Hell\n|-damage|p1a: Flutter Lame|84/100|[from] item: Life Orb\n|\n|upkeep\n|\n|t:|1759930071\n|switch|p2a: Ceruledge|Ceruledge, M|41/100\n|-damage|p2a: Ceruledge|16/100|[from] Stealth Rock\n|turn|24\n|\n|t:|1759930090\n|-end|p1a: Flutter Lame|Protosynthesis|[silent]\n|switch|p1a: Miltank|Miltank, F, shiny|96/100\n|move|p2a: Ceruledge|Shadow Sneak|p1a: Miltank\n|-immune|p1a: Miltank\n|\n|upkeep\n|turn|25\n|\n|t:|1759930098\n|move|p1a: Miltank|Bulldoze|p2a: Ceruledge\n|-supereffective|p2a: Ceruledge\n|-damage|p2a: Ceruledge|0 fnt\n|faint|p2a: Ceruledge\n|\n|upkeep\n|\n|t:|1759930111\n|switch|p2a: Regifly|Regifly, M, tera:Flying|100/100\n|turn|26\n|\n|t:|1759930121\n|move|p2a: Regifly|Aeroblast|p1a: Miltank\n|-damage|p1a: Miltank|0 fnt\n|faint|p1a: Miltank\n|\n|upkeep\n|\n|t:|1759930125\n|switch|p1a: Flutter Lame|Flutter Lame, F, shiny, tera:Fairy|84/100\n|turn|27\n|\n|t:|1759930129\n|move|p2a: Regifly|Aeroblast|p1a: Flutter Lame\n|-crit|p1a: Flutter Lame\n|-damage|p1a: Flutter Lame|0 fnt\n|faint|p1a: Flutter Lame\n|-end|p1a: Flutter Lame|Protosynthesis|[silent]\n|\n|upkeep\n|\n|t:|1759930144\n|switch|p1a: Starmie|Starmie, M, shiny|100/100\n|turn|28\n|\n|t:|1759930151\n|switch|p2a: Iron Bundle|Iron Bundle|100/100\n|detailschange|p1a: Starmie|Starmie-Mega, M, shiny\n|-mega|p1a: Starmie|Starmie|Starmite\n|move|p1a: Starmie|Thunderbolt|p2a: Iron Bundle\n|-supereffective|p2a: Iron Bundle\n|-damage|p2a: Iron Bundle|0 fnt\n|faint|p2a: Iron Bundle\n|-end|p2a: Iron Bundle|Quark Drive|[silent]\n|\n|upkeep\n|\n|t:|1759930155\n|switch|p2a: Regifly|Regifly, M, tera:Flying|100/100\n|turn|29\n|\n|t:|1759930165\n|move|p2a: Regifly|Aeroblast|p1a: Starmie\n|-crit|p1a: Starmie\n|-damage|p1a: Starmie|0 fnt\n|faint|p1a: Starmie\n|detailschange|p1: Starmie|Starmie, M, shiny|[silent]\n|\n|upkeep\n|c|☆testingooooo|i should just be specs\n|\n|t:|1759930173\n|switch|p1a: Celebi-Hell|Celebi-Hell, F, shiny|100/100\n|turn|30\n|c|☆ElysianSoul222|im ngl\n|\n|t:|1759930184\n|move|p2a: Regifly|Heat Wave|p1a: Celebi-Hell\n|-supereffective|p1a: Celebi-Hell\n|-damage|p1a: Celebi-Hell|50/100\n|move|p1a: Celebi-Hell|Ancient Power|p2a: Regifly\n|-supereffective|p2a: Regifly\n|-damage|p2a: Regifly|42/100\n|\n|-heal|p1a: Celebi-Hell|57/100|[from] item: Leftovers\n|upkeep\n|turn|31\n|c|☆ElysianSoul222|this is very threating with crits\n|c| Capitao General ll|If you were specs gale wings Wouldnt procc it tho\n|c|☆ElysianSoul222|maybe it will be easier to handle if their removal isn't that good\n|c|☆testingooooo|but im not specs so if i was specs its the same as crit lel\n|c|☆testingooooo|ye\n|\n|t:|1759930216\n|move|p2a: Regifly|Moonlight|p2a: Regifly\n|-heal|p2a: Regifly|91/100\n|move|p1a: Celebi-Hell|Ancient Power|p2a: Regifly\n|-supereffective|p2a: Regifly\n|-damage|p2a: Regifly|34/100\n|\n|-heal|p1a: Celebi-Hell|63/100|[from] item: Leftovers\n|upkeep\n|turn|32\n|\n|t:|1759930223\n|move|p2a: Regifly|Heat Wave|p1a: Celebi-Hell|[miss]\n|-miss|p2a: Regifly|p1a: Celebi-Hell\n|move|p1a: Celebi-Hell|Ancient Power|p2a: Regifly\n|-supereffective|p2a: Regifly\n|-damage|p2a: Regifly|0 fnt\n|faint|p2a: Regifly\n|\n|win|ElysianSoul222\n|c|☆ElysianSoul222|gg\n|c|☆ElysianSoul222|I just realised sth\n|c|☆testingooooo|ggz\n|c|☆ElysianSoul222|ancient power\n|c|☆testingooooo|miltank cooked\n|c|☆ElysianSoul222|only has 8 pp\n|c|☆testingooooo|i got one more in me\n|c|☆testingooooo|yeah true\n|c|☆ElysianSoul222|let's do it\n|l|☆testingooooo\n|player|p2|\n","players":["ElysianSoul222","testingooooo"],"format":"[Gen 9] NatDex Draft","rating":null,"private":1,"password":"8d8josy05lbvj35n7p3xwwnyd53nmx8","inputlog":">version 2521d38b27f80d1c68b15942009d55f3b2bb8613\n>start {\"formatid\":\"gen9natdexdraft@@@Tera Type Preview\",\"seed\":\"sodium,7bf57b75231c2e177fae81e779f06d25\"}\n>player p1 {\"name\":\"ElysianSoul222\",\"avatar\":\"skierf\",\"team\":\"Flutter Lame||LifeOrb|Protosynthesis|Moonblast,ShadowBall,DrainingKiss,Taunt|Modest|128,,16,252,,112|F|,0,,,,|S||,,,,,Fairy]Celebi-Hell||Leftovers|MotorDrive|StealthRock,Recover,Uturn,AncientPower|Calm|252,,,,252,4|F||S||,,,,,Steel]Starmie||Starmite|NaturalCure|FlipTurn,RapidSpin,IceBeam,Thunderbolt|Timid|160,,,216,,132|M||S||,,,,,Water]Krookodile||ChoiceBand|Moxie|KnockOff,Earthquake,Pursuit,SleepTalk|Adamant|,252,,,56,200|M||S||,,,,,Ground]Rotom|RotomFan|SafetyGoggles|Levitate|VoltSwitch,WillOWisp,PainSplit,AirSlash|Bold|252,,128,,128,|N|,0,,,,|S||,,,,,Electric]Miltank||RockyHelmet|ThickFat|Curse,MilkDrink,BodyPress,Bulldoze|Bold|248,,252,,,8|F||S||,,,,,Normal\",\"rating\":0}\n>player p2 {\"name\":\"testingooooo\",\"avatar\":\"265\",\"team\":\"Roaring Moon||AssaultVest|Protosynthesis|KnockOff,Uturn,Earthquake,IronHead|Jolly|,252,4,,,252|N||||,,,,,Dragon]Irony Friends||HeatRock|QuarkDrive|SunnyDay,Teleport,SlackOff,ShadowBall|Sassy|248,,,8,252,|F|,0,,,,0|||,,,,,Psychic]Reuniclus-Hell||FocusSash|MagicGuard|TrickRoom,Moonblast,Recover,HealingWish|Relaxed|252,,188,68,,|F|,0,,,,0|||,,,,,Normal]Iron Bundle||HeavyDutyBoots|QuarkDrive|Encore,FlipTurn,FreezeDry,IceBeam|Timid|,,,252,4,252|N||||,,,,,Ice]Ceruledge||SpookyPlate|WeakArmor|ShadowSneak,BitterBlade,Poltergeist,SwordsDance|Adamant|224,252,,,,32|M||||,,,,,Ghost]Regifly||HeavyDutyBoots|GaleWings|Aeroblast,HeatWave,KnockOff,Moonlight|Rash|,80,,252,,176|M||||,,,,,Flying\",\"rating\":0}\n>chat ☆testingooooo|ayyy\n>chat ☆ElysianSoul222|hf\n>chat ☆testingooooo|ooh no blaziken\n>chat ☆testingooooo|hf\n>p1 team 5, 2, 3, 4, 1, 6\n>p2 team 2, 1, 3, 4, 5, 6\n>p1 move voltswitch\n>p2 move sunnyday\n>p1 switch 4\n>p1 move earthquake\n>p2 switch 3\n>p1 switch 4\n>p2 switch 6\n>p1 move voltswitch\n>p2 switch 2\n>p1 switch 6\n>p1 move bodypress\n>p2 move uturn\n>p2 switch 5\n>p1 move curse\n>p2 move bitterblade\n>p1 move milkdrink\n>p2 switch 4\n>p1 switch 2\n>p2 move encore\n>p1 move stealthrock\n>p2 move flipturn\n>p2 switch 3\n>p1 move uturn\n>p2 move sunnyday\n>p1 switch 4\n>p1 move pursuit\n>p2 switch 6\n>p2 switch 3\n>p1 switch 5\n>p2 move flipturn\n>p2 switch 5\n>p1 switch 6\n>p2 move knockoff\n>p1 move voltswitch\n>p2 move knockoff\n>p1 switch 2\n>p1 move bodypress\n>p2 move knockoff\n>p2 switch 2\n>p1 switch 2\n>p2 move aeroblast terastallize\n>p1 switch 4\n>p1 move ancientpower\n>p2 switch 4\n>p1 switch 2\n>p2 move bitterblade\n>p1 move milkdrink\n>p2 switch 6\n>p1 switch 6\n>p2 move recover\n>p1 move taunt\n>p2 move moonblast\n>p1 move drainingkiss terastallize\n>p2 move moonblast\n>p1 move drainingkiss\n>p2 move moonblast\n>p2 switch 6\n>p1 switch 6\n>p2 move shadowsneak\n>p1 move bulldoze\n>p2 move swordsdance\n>p2 switch 4\n>p1 move bodypress\n>p2 move aeroblast\n>p1 switch 6\n>p1 move drainingkiss\n>p2 move aeroblast\n>p1 switch 3\n>p1 move thunderbolt mega\n>p2 switch 5\n>p2 switch 5\n>p1 move thunderbolt\n>p2 move aeroblast\n>chat ☆testingooooo|i should just be specs\n>p1 switch 2\n>chat ☆ElysianSoul222|im ngl\n>p1 move ancientpower\n>p2 move heatwave\n>chat ☆ElysianSoul222|this is very threating with crits\n>chat  Capitao General ll|If you were specs gale wings Wouldnt procc it tho\n>chat ☆ElysianSoul222|maybe it will be easier to handle if their removal isn't that good\n>chat ☆testingooooo|but im not specs so if i was specs its the same as crit lel\n>chat ☆testingooooo|ye\n>p1 move ancientpower\n>p2 move moonlight\n>p1 move ancientpower\n>p2 move heatwave","uploadtime":1759930250}