{"id":"gen9natdexdraft-97","log":"|j|☆NottaDoc\n|j|☆menace2sociteh\n|t:|1765232073\n|gametype|singles\n|player|p1|NottaDoc|cheryl|\n|player|p2|menace2sociteh|101|\n|gen|9\n|tier|[Gen 9] NatDex Draft\n|rule|Tera Type Preview: Tera Types are shown at Team Preview\n|rule|Sleep Clause Mod: Limit one foe put to sleep\n|rule|OHKO Clause: OHKO moves are banned\n|rule|Evasion Clause: Evasion abilities, items, and moves are banned\n|rule|Evasion Abilities Clause: Evasion abilities are banned\n|rule|Evasion Items Clause: Evasion items are banned\n|rule|Evasion Moves Clause: Evasion moves are banned\n|rule|Endless Battle Clause: Forcing endless battles is banned\n|rule|HP Percentage Mod: HP is shown in percentages\n|raw|<div class=\"infobox\"><details class=\"readmore\" open><summary><strong>1 custom rule:</strong></summary> Tera Type Preview</details></div>\n|clearpoke\n|poke|p1|Iron Drill, M|\n|poke|p1|Gyarados, M|\n|poke|p1|Tapu Koko|\n|poke|p1|Landorus-Therian, M|\n|poke|p1|Ledigod, M|\n|poke|p1|Greninja-*, M|\n|poke|p2|Tyrantrum, F|\n|poke|p2|Elecprobe|\n|poke|p2|Gloomhorn, F|\n|poke|p2|Corviknight, F|\n|poke|p2|Tauros-Paldea-Blaze, M|\n|poke|p2|Wild Wind, M|\n|raw|NottaDoc's Tera Types:<br /><psicon pokemon=\"irondrill\" /><psicon type=\"Grass\" /> / <psicon pokemon=\"gyarados\" /><psicon type=\"Water\" /> / <psicon pokemon=\"tapukoko\" /><psicon type=\"Electric\" /> / <psicon pokemon=\"landorustherian\" /><psicon type=\"Ground\" /> / <psicon pokemon=\"ledigod\" /><psicon type=\"Fighting\" /> / <psicon pokemon=\"greninjabond\" /><psicon type=\"Water\" />\n|raw|menace2sociteh's Tera Types:<br /><psicon pokemon=\"tyrantrum\" /><psicon type=\"Rock\" /> / <psicon pokemon=\"elecprobe\" /><psicon type=\"Ice\" /> / <psicon pokemon=\"gloomhorn\" /><psicon type=\"Dark\" /> / <psicon pokemon=\"corviknight\" /><psicon type=\"Flying\" /> / <psicon pokemon=\"taurospaldeablaze\" /><psicon type=\"Fighting\" /> / <psicon pokemon=\"wildwind\" /><psicon type=\"Fairy\" />\n|teampreview\n|c|☆NottaDoc|glhf\n|c|☆menace2sociteh|have fun broski\n|\n|t:|1765232125\n|teamsize|p1|6\n|teamsize|p2|6\n|start\n|switch|p1a: Landorus|Landorus-Therian, M|100/100\n|switch|p2a: Elecprobe|Elecprobe|100/100\n|-ability|p1a: Landorus|Intimidate|boost\n|-unboost|p2a: Elecprobe|atk|1\n|turn|1\n|j| the_Shawdoin\n|\n|t:|1765232165\n|-terastallize|p2a: Elecprobe|Ice\n|move|p1a: Landorus|Earthquake|p2a: Elecprobe\n|-damage|p2a: Elecprobe|4/100\n|move|p2a: Elecprobe|Tera Blast|p1a: Landorus|[anim] Tera Blast Ice\n|-supereffective|p1a: Landorus\n|-damage|p1a: Landorus|0 fnt\n|faint|p1a: Landorus\n|\n|upkeep\n|c|☆menace2sociteh|wew\n|j|~SparksTheNeo\n|c|☆NottaDoc|i gotta ask, how much bulk?\n|c|☆menace2sociteh|enough hahahaha\n|c|☆menace2sociteh|still a lot of game left\n|c|☆menace2sociteh|lets enjoy\n|\n|t:|1765232255\n|switch|p1a: Tapu Koko|Tapu Koko|100/100\n|-fieldstart|move: Electric Terrain|[from] ability: Electric Surge|[of] p1a: Tapu Koko\n|turn|2\n|\n|t:|1765232262\n|move|p2a: Elecprobe|Volt Switch|p1a: Tapu Koko\n|-resisted|p1a: Tapu Koko\n|-damage|p1a: Tapu Koko|75/100\n|\n|t:|1765232287\n|switch|p2a: Gloomhorn|Gloomhorn, F|100/100|[from] Volt Switch\n|move|p1a: Tapu Koko|Light Screen|p1a: Tapu Koko\n|-sidestart|p1: NottaDoc|move: Light Screen\n|\n|-status|p2a: Gloomhorn|tox|[from] item: Toxic Orb\n|upkeep\n|turn|3\n|\n|t:|1765232293\n|move|p1a: Tapu Koko|Reflect|p1a: Tapu Koko\n|-sidestart|p1: NottaDoc|Reflect\n|move|p2a: Gloomhorn|Swords Dance|p2a: Gloomhorn\n|-boost|p2a: Gloomhorn|atk|2\n|\n|upkeep\n|turn|4\n|\n|t:|1765232317\n|move|p1a: Tapu Koko|Nature's Madness|p2a: Gloomhorn\n|-damage|p2a: Gloomhorn|50/100 tox\n|move|p2a: Gloomhorn|Swords Dance|p2a: Gloomhorn\n|-boost|p2a: Gloomhorn|atk|2\n|\n|-heal|p2a: Gloomhorn|63/100 tox|[from] ability: Poison Heal\n|upkeep\n|turn|5\n|\n|t:|1765232324\n|move|p1a: Tapu Koko|Nature's Madness|p2a: Gloomhorn\n|-damage|p2a: Gloomhorn|32/100 tox\n|move|p2a: Gloomhorn|Moonlight|p2a: Gloomhorn\n|-heal|p2a: Gloomhorn|82/100 tox\n|\n|-heal|p2a: Gloomhorn|94/100 tox|[from] ability: Poison Heal\n|upkeep\n|turn|6\n|\n|t:|1765232329\n|move|p1a: Tapu Koko|Nature's Madness|p2a: Gloomhorn\n|-damage|p2a: Gloomhorn|47/100 tox\n|move|p2a: Gloomhorn|Shadow Claw|p1a: Tapu Koko\n|-crit|p1a: Tapu Koko\n|-damage|p1a: Tapu Koko|0 fnt\n|faint|p1a: Tapu Koko\n|\n|-heal|p2a: Gloomhorn|60/100 tox|[from] ability: Poison Heal\n|-fieldend|move: Electric Terrain\n|upkeep\n|\n|t:|1765232347\n|switch|p1a: Iron Drill|Iron Drill, M|100/100\n|-enditem|p1a: Iron Drill|Booster Energy\n|-activate|p1a: Iron Drill|ability: Quark Drive|[fromitem]\n|-start|p1a: Iron Drill|quarkdriveatk\n|turn|7\n|\n|t:|1765232374\n|switch|p2a: Tauros|Tauros-Paldea-Blaze, M|100/100\n|-ability|p2a: Tauros|Intimidate|boost\n|-unboost|p1a: Iron Drill|atk|1\n|move|p1a: Iron Drill|Swords Dance|p1a: Iron Drill\n|-boost|p1a: Iron Drill|atk|2\n|\n|upkeep\n|turn|8\n|\n|t:|1765232385\n|move|p1a: Iron Drill|High Horsepower|p2a: Tauros\n|-supereffective|p2a: Tauros\n|-damage|p2a: Tauros|0 fnt\n|faint|p2a: Tauros\n|\n|upkeep\n|c|☆menace2sociteh|love that\n|c|☆NottaDoc|me too\n|\n|t:|1765232445\n|switch|p2a: Corviknight|Corviknight, F|100/100\n|-ability|p2a: Corviknight|Pressure\n|turn|9\n|\n|t:|1765232459\n|move|p1a: Iron Drill|Swords Dance|p1a: Iron Drill\n|-boost|p1a: Iron Drill|atk|2\n|move|p2a: Corviknight|Body Press|p1a: Iron Drill\n|-supereffective|p1a: Iron Drill\n|-damage|p1a: Iron Drill|72/100\n|\n|-sideend|p1: NottaDoc|move: Light Screen\n|upkeep\n|turn|10\n|\n|t:|1765232465\n|move|p1a: Iron Drill|Ice Punch|p2a: Corviknight\n|-damage|p2a: Corviknight|49/100\n|-damage|p1a: Iron Drill|55/100|[from] item: Rocky Helmet|[of] p2a: Corviknight\n|move|p2a: Corviknight|U-turn|p1a: Iron Drill\n|-damage|p1a: Iron Drill|48/100\n|\n|t:|1765232473\n|switch|p2a: Wild Wind|Wild Wind, M|100/100|[from] U-turn\n|\n|-sideend|p1: NottaDoc|Reflect\n|upkeep\n|turn|11\n|\n|t:|1765232478\n|move|p2a: Wild Wind|Foul Play|p1a: Iron Drill\n|-damage|p1a: Iron Drill|0 fnt\n|faint|p1a: Iron Drill\n|-end|p1a: Iron Drill|Quark Drive|[silent]\n|\n|upkeep\n|\n|t:|1765232485\n|switch|p1a: Greninja|Greninja, M|100/100\n|turn|12\n|\n|t:|1765232504\n|-end|p2a: Wild Wind|Protosynthesis|[silent]\n|switch|p2a: Corviknight|Corviknight, F|49/100\n|-ability|p2a: Corviknight|Pressure\n|move|p1a: Greninja|Sludge Wave|p2a: Corviknight\n|-immune|p2a: Corviknight\n|\n|upkeep\n|turn|13\n|\n|t:|1765232517\n|switch|p1a: Gyarados|Gyarados, M|100/100\n|-ability|p1a: Gyarados|Intimidate|boost\n|-unboost|p2a: Corviknight|atk|1\n|move|p2a: Corviknight|U-turn|p1a: Gyarados\n|-resisted|p1a: Gyarados\n|-damage|p1a: Gyarados|95/100\n|\n|t:|1765232526\n|switch|p2a: Wild Wind|Wild Wind, M|100/100|[from] U-turn\n|\n|upkeep\n|turn|14\n|\n|t:|1765232534\n|move|p2a: Wild Wind|Moonblast|p1a: Gyarados\n|-damage|p1a: Gyarados|73/100\n|move|p1a: Gyarados|Substitute|p1a: Gyarados\n|-start|p1a: Gyarados|Substitute\n|-damage|p1a: Gyarados|48/100\n|\n|upkeep\n|turn|15\n|\n|t:|1765232542\n|detailschange|p1a: Gyarados|Gyarados-Mega-Y, M\n|-mega|p1a: Gyarados|Gyarados|Gyaradosite Y\n|move|p2a: Wild Wind|Moonblast|p1a: Gyarados\n|-supereffective|p1a: Gyarados\n|-end|p1a: Gyarados|Substitute\n|move|p1a: Gyarados|Zap Cannon|p2a: Wild Wind\n|-resisted|p2a: Wild Wind\n|-damage|p2a: Wild Wind|83/100\n|\n|upkeep\n|turn|16\n|\n|t:|1765232553\n|move|p2a: Wild Wind|Moonblast|p1a: Gyarados\n|-supereffective|p1a: Gyarados\n|-damage|p1a: Gyarados|5/100\n|move|p1a: Gyarados|Blizzard|p2a: Wild Wind\n|-supereffective|p2a: Wild Wind\n|-damage|p2a: Wild Wind|23/100\n|\n|upkeep\n|turn|17\n|c|☆menace2sociteh|that that covert cloak baby\n|c|~SparksTheNeo|that's p smart sheesh\n|\n|t:|1765232582\n|move|p2a: Wild Wind|Moonblast|p1a: Gyarados\n|-supereffective|p1a: Gyarados\n|-damage|p1a: Gyarados|0 fnt\n|faint|p1a: Gyarados\n|detailschange|p1: Gyarados|Gyarados, M|[silent]\n|\n|upkeep\n|\n|t:|1765232585\n|switch|p1a: Greninja|Greninja, M|100/100\n|turn|18\n|c|☆NottaDoc|good brings for sure\n|\n|t:|1765232599\n|-end|p2a: Wild Wind|Protosynthesis|[silent]\n|switch|p2a: Tyrantrum|Tyrantrum, F|100/100\n|move|p1a: Greninja|Extrasensory|p2a: Tyrantrum\n|-damage|p2a: Tyrantrum|61/100\n|\n|upkeep\n|turn|19\n|c|☆NottaDoc|im just happy with 1 kill this match up tbh\n|\n|t:|1765232612\n|detailschange|p2a: Tyrantrum|Tyrantrum-Mega, F\n|-mega|p2a: Tyrantrum|Tyrantrum|Tyrantrumite\n|move|p1a: Greninja|Surf|p2a: Tyrantrum\n|-supereffective|p2a: Tyrantrum\n|-damage|p2a: Tyrantrum|0 fnt\n|faint|p2a: Tyrantrum\n|detailschange|p2: Tyrantrum|Tyrantrum, F|[silent]\n|-ability|p1a: Greninja|Battle Bond|boost\n|-boost|p1a: Greninja|atk|1\n|-boost|p1a: Greninja|spa|1\n|-boost|p1a: Greninja|spe|1\n|-activate|p1a: Greninja|ability: Battle Bond\n|\n|upkeep\n|\n|t:|1765232621\n|switch|p2a: Gloomhorn|Gloomhorn, F|60/100 tox\n|turn|20\n|\n|t:|1765232626\n|move|p1a: Greninja|Surf|p2a: Gloomhorn\n|-damage|p2a: Gloomhorn|15/100 tox\n|move|p2a: Gloomhorn|Moonlight|p2a: Gloomhorn\n|-heal|p2a: Gloomhorn|65/100 tox\n|\n|-heal|p2a: Gloomhorn|78/100 tox|[from] ability: Poison Heal\n|upkeep\n|turn|21\n|\n|t:|1765232634\n|move|p1a: Greninja|Surf|p2a: Gloomhorn\n|-damage|p2a: Gloomhorn|30/100 tox\n|move|p2a: Gloomhorn|Moonlight|p2a: Gloomhorn\n|-heal|p2a: Gloomhorn|80/100 tox\n|\n|-heal|p2a: Gloomhorn|93/100 tox|[from] ability: Poison Heal\n|upkeep\n|turn|22\n|c|~SparksTheNeo|flinch wins the game\n|c|~SparksTheNeo|trust\n|\n|t:|1765232650\n|move|p1a: Greninja|Surf|p2a: Gloomhorn\n|-damage|p2a: Gloomhorn|48/100 tox\n|move|p2a: Gloomhorn|Circle Throw|p1a: Greninja\n|-supereffective|p1a: Greninja\n|-damage|p1a: Greninja|39/100\n|drag|p1a: Ledigod|Ledigod, M|100/100\n|\n|-heal|p2a: Gloomhorn|61/100 tox|[from] ability: Poison Heal\n|upkeep\n|turn|23\n|\n|t:|1765232668\n|move|p1a: Ledigod|Victory Dance|p1a: Ledigod\n|-boost|p1a: Ledigod|atk|1\n|-boost|p1a: Ledigod|def|1\n|-boost|p1a: Ledigod|spe|1\n|move|p2a: Gloomhorn|Moonlight|p2a: Gloomhorn\n|-heal|p2a: Gloomhorn|100/100 tox\n|\n|upkeep\n|turn|24\n|\n|t:|1765232679\n|-terastallize|p1a: Ledigod|Fighting\n|move|p1a: Ledigod|Acrobatics|p2a: Gloomhorn\n|-damage|p2a: Gloomhorn|72/100 tox\n|move|p2a: Gloomhorn|Circle Throw|p1a: Ledigod\n|-crit|p1a: Ledigod\n|-damage|p1a: Ledigod|51/100\n|drag|p1a: Greninja|Greninja, M|39/100\n|\n|-heal|p2a: Gloomhorn|84/100 tox|[from] ability: Poison Heal\n|upkeep\n|turn|25\n|\n|t:|1765232690\n|move|p1a: Greninja|Surf|p2a: Gloomhorn\n|-damage|p2a: Gloomhorn|54/100 tox\n|move|p2a: Gloomhorn|Circle Throw|p1a: Greninja\n|-supereffective|p1a: Greninja\n|-damage|p1a: Greninja|0 fnt\n|faint|p1a: Greninja\n|\n|-heal|p2a: Gloomhorn|67/100 tox|[from] ability: Poison Heal\n|upkeep\n|\n|t:|1765232693\n|switch|p1a: Ledigod|Ledigod, M, tera:Fighting|51/100\n|turn|26\n|\n|t:|1765232702\n|move|p1a: Ledigod|Victory Dance|p1a: Ledigod\n|-boost|p1a: Ledigod|atk|1\n|-boost|p1a: Ledigod|def|1\n|-boost|p1a: Ledigod|spe|1\n|move|p2a: Gloomhorn|Shadow Claw|p1a: Ledigod\n|-damage|p1a: Ledigod|7/100\n|-enditem|p1a: Ledigod|Sitrus Berry|[eat]\n|-heal|p1a: Ledigod|32/100|[from] item: Sitrus Berry\n|\n|-heal|p2a: Gloomhorn|79/100 tox|[from] ability: Poison Heal\n|upkeep\n|turn|27\n|l| the_Shawdoin\n|\n|t:|1765232710\n|move|p1a: Ledigod|Roost|p1a: Ledigod\n|-heal|p1a: Ledigod|82/100\n|move|p2a: Gloomhorn|Shadow Claw|p1a: Ledigod\n|-damage|p1a: Ledigod|40/100\n|\n|-heal|p2a: Gloomhorn|91/100 tox|[from] ability: Poison Heal\n|upkeep\n|turn|28\n|\n|t:|1765232721\n|move|p1a: Ledigod|Roost|p1a: Ledigod\n|-heal|p1a: Ledigod|90/100\n|move|p2a: Gloomhorn|Swords Dance|p2a: Gloomhorn\n|-boost|p2a: Gloomhorn|atk|2\n|\n|-heal|p2a: Gloomhorn|100/100 tox|[from] ability: Poison Heal\n|upkeep\n|turn|29\n|\n|t:|1765232727\n|move|p1a: Ledigod|Victory Dance|p1a: Ledigod\n|-boost|p1a: Ledigod|atk|1\n|-boost|p1a: Ledigod|def|1\n|-boost|p1a: Ledigod|spe|1\n|move|p2a: Gloomhorn|Shadow Claw|p1a: Ledigod\n|-damage|p1a: Ledigod|30/100\n|\n|upkeep\n|turn|30\n|\n|t:|1765232735\n|move|p1a: Ledigod|Roost|p1a: Ledigod\n|-heal|p1a: Ledigod|80/100\n|move|p2a: Gloomhorn|Shadow Claw|p1a: Ledigod\n|-damage|p1a: Ledigod|22/100\n|\n|upkeep\n|turn|31\n|\n|t:|1765232740\n|move|p1a: Ledigod|Acrobatics|p2a: Gloomhorn\n|-damage|p2a: Gloomhorn|25/100 tox\n|move|p2a: Gloomhorn|Shadow Claw|p1a: Ledigod\n|-damage|p1a: Ledigod|0 fnt\n|faint|p1a: Ledigod\n|\n|win|menace2sociteh\n|c|☆NottaDoc|gg\n|c|☆menace2sociteh|gg\n|l|☆NottaDoc\n|player|p1|\n|c|☆menace2sociteh|actual fun game\n","players":["NottaDoc","menace2sociteh"],"format":"[Gen 9] NatDex Draft","rating":null,"private":1,"password":"rpsies0c4tywqcxb5apescyb90phe37","inputlog":">version bdb4a0036935f39b98925754afcd47960889aa4d\n>start {\"formatid\":\"gen9natdexdraft@@@Tera Type Preview\",\"seed\":\"sodium,a190b5a75b9024f83ac953dc2f733cd3\"}\n>player p1 {\"name\":\"NottaDoc\",\"avatar\":\"cheryl\",\"team\":\"Iron Drill||BoosterEnergy|QuarkDrive|HighHorsepower,IcePunch,SwordsDance,RapidSpin|Jolly|4,252,,,,252|M||||,,,,,Grass]Gyarados||GyaradositeY|Intimidate|ZapCannon,HydroPump,Blizzard,Substitute|Modest|252,,,252,,4|M|,0,,,,|||,,,,,Water]Tapu Koko||LightClay|ElectricSurge|Reflect,LightScreen,NaturesMadness,Uturn|Jolly|248,,,,8,252|N||||,,,,,Electric]Landorus|LandorusTherian|ChoiceScarf|Intimidate|Earthquake,KnockOff,Uturn,StealthRock|Adamant|,252,,,,252|M||||,,,,,Ground]Ledigod||SitrusBerry|IronFist|Acrobatics,DrainPunch,Roost,VictoryDance|Adamant|252,200,,,,56|M||||,,,,,Fighting]Greninja|GreninjaBond|ExpertBelt|BattleBond|Surf,SludgeWave,Extrasensory,Uturn|Timid|72,,,252,,184|M||||,Ghost,,,,Water\",\"rating\":0}\n>player p2 {\"name\":\"menace2sociteh\",\"avatar\":\"101\",\"team\":\"Tyrantrum||Tyrantrumite|StrongJaw|DragonDance,Crunch,IceFang,Earthquake|Adamant|,252,,,4,252|F||||,,,,,Rock]Elecprobe||HeavyDutyBoots|Aftermath|ElectroDrift,VoltSwitch,NastyPlot,TeraBlast|Timid|,,160,252,,96|N||||,,,,,Ice]Gloomhorn||ToxicOrb|PoisonHeal|Moonlight,SwordsDance,ShadowClaw,CircleThrow|Careful|252,,4,,252,|F||||,,,,,Dark]Corviknight||RockyHelmet|Pressure|LightScreen,Roost,BodyPress,Uturn|Impish|236,,232,,40,|F||||,,,,,Flying]Tauros|TaurosPaldeaBlaze|AssaultVest|Intimidate|FlareBlitz,CloseCombat,WildCharge,Trailblaze|Adamant|176,136,,,,196|M||||,,,,,Fighting]Wild Wind||CovertCloak|Protosynthesis|Moonblast,Wish,FoulPlay,Uturn|Timid|48,,44,,204,212|M||||,,,,,Fairy\",\"rating\":0}\n>chat ☆NottaDoc|glhf\n>chat ☆menace2sociteh|have fun broski\n>p1 team 4, 2, 3, 1, 5, 6\n>p2 team 2, 1, 3, 4, 5, 6\n>p1 move earthquake\n>p2 move terablast terastallize\n>chat ☆menace2sociteh|wew\n>chat ☆NottaDoc|i gotta ask, how much bulk?\n>chat ☆menace2sociteh|enough hahahaha\n>chat ☆menace2sociteh|still a lot of game left\n>chat ☆menace2sociteh|lets enjoy\n>p1 switch 3\n>p1 move lightscreen\n>p2 move voltswitch\n>p2 switch 3\n>p1 move reflect\n>p2 move swordsdance\n>p1 move naturesmadness\n>p2 move swordsdance\n>p1 move naturesmadness\n>p2 move moonlight\n>p1 move naturesmadness\n>p2 move shadowclaw\n>p1 switch 4\n>p1 move swordsdance\n>p2 switch 5\n>p1 move highhorsepower\n>p2 move flareblitz\n>chat ☆menace2sociteh|love that\n>chat ☆NottaDoc|me too\n>p2 switch 4\n>p1 move swordsdance\n>p2 move bodypress\n>p1 move icepunch\n>p2 move uturn\n>p2 switch 6\n>p1 move rapidspin\n>p2 move foulplay\n>p1 switch 6\n>p1 move sludgewave\n>p2 switch 6\n>p1 switch 2\n>p2 move uturn\n>p2 switch 6\n>p1 move substitute\n>p2 move moonblast\n>p1 move zapcannon mega\n>p2 move moonblast\n>p1 move blizzard\n>p2 move moonblast\n>chat ☆menace2sociteh|that that covert cloak baby\n>chat ~SparksTheNeo|that's p smart sheesh\n>p1 move blizzard\n>p2 move moonblast\n>p1 switch 2\n>chat ☆NottaDoc|good brings for sure\n>p1 move extrasensory\n>p2 switch 2\n>chat ☆NottaDoc|im just happy with 1 kill this match up tbh\n>p1 move surf\n>p2 move crunch mega\n>p2 switch 5\n>p1 move surf\n>p2 move moonlight\n>p1 move surf\n>p2 move moonlight\n>chat ~SparksTheNeo|flinch wins the game\n>chat ~SparksTheNeo|trust\n>p1 move surf\n>p2 move circlethrow\n>p1 move victorydance\n>p2 move moonlight\n>p1 move acrobatics terastallize\n>p2 move circlethrow\n>p1 move surf\n>p2 move circlethrow\n>p1 switch 5\n>p1 move victorydance\n>p2 move shadowclaw\n>p1 move roost\n>p2 move shadowclaw\n>p1 move roost\n>p2 move swordsdance\n>p1 move victorydance\n>p2 move shadowclaw\n>p1 move roost\n>p2 move shadowclaw\n>p1 move acrobatics\n>p2 move shadowclaw","uploadtime":1765232769}