{"id":"gen9natdexdraft-54","log":"|j|☆Ollieboy789\n|j|☆umbreonreallysucks\n|t:|1760036482\n|gametype|singles\n|player|p1|Ollieboy789|101|\n|player|p2|umbreonreallysucks|265|\n|gen|9\n|tier|[Gen 9] NatDex Draft\n|rule|Tera Type Preview: Tera Types are shown at Team Preview\n|rule|Sleep Clause Mod: Limit one foe put to sleep\n|rule|OHKO Clause: OHKO moves are banned\n|rule|Evasion Clause: Evasion abilities, items, and moves are banned\n|rule|Evasion Abilities Clause: Evasion abilities are banned\n|rule|Evasion Items Clause: Evasion items are banned\n|rule|Evasion Moves Clause: Evasion moves are banned\n|rule|Endless Battle Clause: Forcing endless battles is banned\n|rule|HP Percentage Mod: HP is shown in percentages\n|raw|<div class=\"infobox\"><details class=\"readmore\" open><summary><strong>1 custom rule:</strong></summary> Tera Type Preview</details></div>\n|clearpoke\n|poke|p1|Great Tusk|\n|poke|p1|Roserade-Hell, M|\n|poke|p1|Glimmora, M|\n|poke|p1|Bronzong|\n|poke|p1|Thundurus-Therian, M|\n|poke|p1|Octikrillery, F|\n|poke|p2|Probenose, F|\n|poke|p2|Ho-Ho, F|\n|poke|p2|Reuniclus-Hell, F|\n|poke|p2|Queendra-Dark, M|\n|poke|p2|Diamoneye, M|\n|poke|p2|Clashing Teeth, F|\n|raw|Ollieboy789's Tera Types:<br /><psicon pokemon=\"greattusk\" /><psicon type=\"Water\" /> / <psicon pokemon=\"roseradehell\" /><psicon type=\"Dark\" /> / <psicon pokemon=\"glimmora\" /><psicon type=\"Fairy\" /> / <psicon pokemon=\"bronzong\" /><psicon type=\"Steel\" /> / <psicon pokemon=\"thundurustherian\" /><psicon type=\"Electric\" /> / <psicon pokemon=\"octikrillery\" /><psicon type=\"Water\" />\n|raw|umbreonreallysucks's Tera Types:<br /><psicon pokemon=\"probenose\" /><psicon type=\"Electric\" /> / <psicon pokemon=\"hoho\" /><psicon type=\"Ground\" /> / <psicon pokemon=\"reuniclushell\" /><psicon type=\"Normal\" /> / <psicon pokemon=\"queendradark\" /><psicon type=\"Fire\" /> / <psicon pokemon=\"diamoneye\" /><psicon type=\"Ghost\" /> / <psicon pokemon=\"clashingteeth\" /><psicon type=\"Ground\" />\n|teampreview\n|c|☆Ollieboy789|hf\n|j| Swagboi21_W\n|c|☆umbreonreallysucks|glhf\n|j| The_Shawdoin\n|l| Swagboi21_W\n|\n|t:|1760036568\n|teamsize|p1|6\n|teamsize|p2|6\n|start\n|switch|p1a: Great Tusk|Great Tusk|100/100\n|switch|p2a: Reuniclus-Hell|Reuniclus-Hell, F|100/100\n|turn|1\n|\n|t:|1760036594\n|-end|p1a: Great Tusk|Protosynthesis|[silent]\n|switch|p1a: Glimmora|Glimmora, M|100/100\n|move|p2a: Reuniclus-Hell|Psychic|p1a: Glimmora\n|-supereffective|p1a: Glimmora\n|-damage|p1a: Glimmora|30/100\n|\n|-heal|p1a: Glimmora|36/100|[from] item: Black Sludge\n|upkeep\n|turn|2\n|\n|t:|1760036610\n|move|p1a: Glimmora|Toxic|p2a: Reuniclus-Hell\n|-status|p2a: Reuniclus-Hell|tox\n|move|p2a: Reuniclus-Hell|Psychic|p1a: Glimmora\n|-supereffective|p1a: Glimmora\n|-damage|p1a: Glimmora|0 fnt\n|faint|p1a: Glimmora\n|\n|-damage|p2a: Reuniclus-Hell|94/100 tox|[from] psn\n|upkeep\n|\n|t:|1760036615\n|switch|p1a: Roserade-Hell|Roserade-Hell, M|100/100\n|turn|3\n|\n|t:|1760036644\n|switch|p1a: Bronzong|Bronzong|100/100\n|switch|p2a: Probenose|Probenose, F|100/100\n|\n|upkeep\n|turn|4\n|\n|t:|1760036652\n|move|p2a: Probenose|Volt Switch|p1a: Bronzong\n|-damage|p1a: Bronzong|81/100\n|\n|t:|1760036657\n|switch|p2a: Ho-Ho|Ho-Ho, F|100/100|[from] Volt Switch\n|move|p1a: Bronzong|Stealth Rock|p2a: Ho-Ho\n|-sidestart|p2: umbreonreallysucks|move: Stealth Rock\n|\n|upkeep\n|turn|5\n|\n|t:|1760036689\n|move|p2a: Ho-Ho|Sacred Fire|p1a: Bronzong\n|-supereffective|p1a: Bronzong\n|-damage|p1a: Bronzong|27/100\n|-status|p1a: Bronzong|brn\n|move|p1a: Bronzong|Toxic|p2a: Ho-Ho\n|-status|p2a: Ho-Ho|tox\n|\n|-damage|p2a: Ho-Ho|94/100 tox|[from] psn\n|-damage|p1a: Bronzong|21/100 brn|[from] brn\n|upkeep\n|turn|6\n|\n|t:|1760036709\n|switch|p1a: Octikrillery|Octikrillery, F|100/100\n|move|p2a: Ho-Ho|Sacred Fire|p1a: Octikrillery\n|-resisted|p1a: Octikrillery\n|-damage|p1a: Octikrillery|82/100\n|-status|p1a: Octikrillery|brn\n|\n|-damage|p2a: Ho-Ho|82/100 tox|[from] psn\n|-damage|p1a: Octikrillery|76/100 brn|[from] brn\n|upkeep\n|turn|7\n|\n|t:|1760036724\n|switch|p2a: Probenose|Probenose, F|100/100\n|-damage|p2a: Probenose|94/100|[from] Stealth Rock\n|move|p1a: Octikrillery|Snipe Shot|p2a: Probenose\n|-damage|p2a: Probenose|71/100\n|\n|-heal|p2a: Probenose|77/100|[from] item: Leftovers\n|-damage|p1a: Octikrillery|70/100 brn|[from] brn\n|upkeep\n|turn|8\n|\n|t:|1760036733\n|switch|p1a: Thundurus|Thundurus-Therian, M|100/100\n|move|p2a: Probenose|Rapid Spin|p1a: Thundurus\n|-damage|p1a: Thundurus|88/100\n|-boost|p2a: Probenose|spe|1\n|-sideend|p2: umbreonreallysucks|Stealth Rock|[from] move: Rapid Spin|[of] p2a: Probenose\n|\n|-heal|p2a: Probenose|84/100|[from] item: Leftovers\n|upkeep\n|turn|9\n|\n|t:|1760036762\n|switch|p2a: Reuniclus-Hell|Reuniclus-Hell, F|100/100 tox\n|move|p1a: Thundurus|Agility|p1a: Thundurus\n|-boost|p1a: Thundurus|spe|2\n|\n|-damage|p2a: Reuniclus-Hell|94/100 tox|[from] psn\n|upkeep\n|turn|10\n|\n|t:|1760036775\n|move|p1a: Thundurus|Nasty Plot|p1a: Thundurus\n|-boost|p1a: Thundurus|spa|2\n|move|p2a: Reuniclus-Hell|Psychic|p1a: Thundurus\n|-damage|p1a: Thundurus|43/100\n|-unboost|p1a: Thundurus|spd|1\n|\n|-damage|p2a: Reuniclus-Hell|82/100 tox|[from] psn\n|upkeep\n|turn|11\n|\n|t:|1760036785\n|move|p1a: Thundurus|Thunderbolt|p2a: Reuniclus-Hell\n|-damage|p2a: Reuniclus-Hell|18/100 tox\n|move|p2a: Reuniclus-Hell|Psychic|p1a: Thundurus\n|-damage|p1a: Thundurus|0 fnt\n|faint|p1a: Thundurus\n|\n|-damage|p2a: Reuniclus-Hell|0 fnt|[from] psn\n|faint|p2a: Reuniclus-Hell\n|upkeep\n|\n|t:|1760036857\n|switch|p1a: Great Tusk|Great Tusk|100/100\n|switch|p2a: Clashing Teeth|Clashing Teeth, F|100/100\n|turn|12\n|\n|t:|1760036870\n|-end|p2a: Clashing Teeth|Protosynthesis|[silent]\n|switch|p2a: Ho-Ho|Ho-Ho, F|100/100 tox\n|move|p1a: Great Tusk|Earthquake|p2a: Ho-Ho\n|-immune|p2a: Ho-Ho\n|\n|-damage|p2a: Ho-Ho|94/100 tox|[from] psn\n|upkeep\n|turn|13\n|\n|t:|1760036877\n|-end|p1a: Great Tusk|Protosynthesis|[silent]\n|switch|p1a: Bronzong|Bronzong|21/100 brn\n|move|p2a: Ho-Ho|Sacred Fire|p1a: Bronzong\n|-supereffective|p1a: Bronzong\n|-damage|p1a: Bronzong|0 fnt\n|faint|p1a: Bronzong\n|\n|-damage|p2a: Ho-Ho|82/100 tox|[from] psn\n|upkeep\n|\n|t:|1760036883\n|switch|p1a: Octikrillery|Octikrillery, F|70/100 brn\n|turn|14\n|\n|t:|1760036887\n|switch|p2a: Probenose|Probenose, F|84/100\n|move|p1a: Octikrillery|Snipe Shot|p2a: Probenose\n|-damage|p2a: Probenose|58/100\n|\n|-heal|p2a: Probenose|64/100|[from] item: Leftovers\n|-damage|p1a: Octikrillery|63/100 brn|[from] brn\n|upkeep\n|turn|15\n|\n|t:|1760036897\n|switch|p1a: Great Tusk|Great Tusk|100/100\n|move|p2a: Probenose|Recover|p2a: Probenose\n|-heal|p2a: Probenose|100/100\n|\n|upkeep\n|turn|16\n|\n|t:|1760036906\n|switch|p2a: Ho-Ho|Ho-Ho, F|100/100 tox\n|move|p1a: Great Tusk|Earthquake|p2a: Ho-Ho\n|-immune|p2a: Ho-Ho\n|\n|-damage|p2a: Ho-Ho|94/100 tox|[from] psn\n|upkeep\n|turn|17\n|\n|t:|1760036916\n|move|p1a: Great Tusk|Stone Edge|p2a: Ho-Ho|[miss]\n|-miss|p1a: Great Tusk|p2a: Ho-Ho\n|move|p2a: Ho-Ho|Brave Bird|p1a: Great Tusk\n|-supereffective|p1a: Great Tusk\n|-damage|p1a: Great Tusk|42/100\n|-damage|p2a: Ho-Ho|72/100 tox|[from] Recoil\n|\n|-damage|p2a: Ho-Ho|60/100 tox|[from] psn\n|upkeep\n|turn|18\n|\n|t:|1760036940\n|-terastallize|p2a: Ho-Ho|Ground\n|move|p1a: Great Tusk|Earthquake|p2a: Ho-Ho\n|-damage|p2a: Ho-Ho|10/100 tox\n|move|p2a: Ho-Ho|Brave Bird|p1a: Great Tusk\n|-supereffective|p1a: Great Tusk\n|-damage|p1a: Great Tusk|0 fnt\n|faint|p1a: Great Tusk\n|-end|p1a: Great Tusk|Protosynthesis|[silent]\n|-damage|p2a: Ho-Ho|0 fnt|[from] Recoil\n|faint|p2a: Ho-Ho\n|\n|upkeep\n|\n|t:|1760036956\n|switch|p1a: Octikrillery|Octikrillery, F|63/100 brn\n|switch|p2a: Diamoneye|Diamoneye, M|100/100\n|turn|19\n|\n|t:|1760036969\n|detailschange|p2a: Diamoneye|Diamoneye-Mega, M\n|-mega|p2a: Diamoneye|Diamoneye|Diamoneyite\n|-ability|p2a: Diamoneye|Unnerve\n|move|p2a: Diamoneye|Shadow Ball|p1a: Octikrillery\n|-damage|p1a: Octikrillery|34/100 brn\n|-unboost|p1a: Octikrillery|spd|1\n|move|p1a: Octikrillery|Snipe Shot|p2a: Diamoneye\n|-damage|p2a: Diamoneye|59/100\n|\n|-damage|p1a: Octikrillery|28/100 brn|[from] brn\n|upkeep\n|turn|20\n|\n|t:|1760036980\n|move|p2a: Diamoneye|Shadow Ball|p1a: Octikrillery\n|-damage|p1a: Octikrillery|0 fnt\n|faint|p1a: Octikrillery\n|\n|upkeep\n|\n|t:|1760036982\n|switch|p1a: Roserade-Hell|Roserade-Hell, M|100/100\n|turn|21\n|\n|t:|1760036986\n|switch|p2a: Probenose|Probenose, F|100/100\n|move|p1a: Roserade-Hell|Play Rough|p2a: Probenose\n|-resisted|p2a: Probenose\n|-damage|p2a: Probenose|92/100\n|\n|-heal|p2a: Probenose|98/100|[from] item: Leftovers\n|upkeep\n|turn|22\n|\n|t:|1760036990\n|detailschange|p1a: Roserade-Hell|Roserade-Hell-Mega, M\n|-mega|p1a: Roserade-Hell|Roserade-Hell|Roseradite HELL\n|move|p1a: Roserade-Hell|Swords Dance|p1a: Roserade-Hell\n|-boost|p1a: Roserade-Hell|atk|2\n|move|p2a: Probenose|Heavy Slam|p1a: Roserade-Hell\n|-supereffective|p1a: Roserade-Hell\n|-damage|p1a: Roserade-Hell|17/100\n|\n|-heal|p2a: Probenose|100/100|[from] item: Leftovers\n|upkeep\n|turn|23\n|\n|t:|1760037004\n|move|p1a: Roserade-Hell|Close Combat|p2a: Probenose\n|-supereffective|p2a: Probenose\n|-damage|p2a: Probenose|7/100\n|-unboost|p1a: Roserade-Hell|def|1\n|-unboost|p1a: Roserade-Hell|spd|1\n|move|p2a: Probenose|Heavy Slam|p1a: Roserade-Hell\n|-supereffective|p1a: Roserade-Hell\n|-damage|p1a: Roserade-Hell|0 fnt\n|faint|p1a: Roserade-Hell\n|detailschange|p1: Roserade-Hell|Roserade-Hell, M|[silent]\n|\n|win|umbreonreallysucks\n|c|☆Ollieboy789|gg\n|c|☆umbreonreallysucks|gg\n|l| The_Shawdoin\n|c|☆Ollieboy789|idk but i dont think eviolite is working still\n|c|☆umbreonreallysucks|Definitely was not\n|l|☆Ollieboy789\n|player|p1|\n|c|☆umbreonreallysucks|I cant get the replay\n|j|☆Ollieboy789\n|player|p1|Ollieboy789|101|\n","players":["Ollieboy789","umbreonreallysucks"],"format":"[Gen 9] NatDex Draft","rating":null,"private":0,"password":null,"inputlog":">version c5f06566d1a0a24bc6fa6bc2146fd951ef712f76\n>start {\"formatid\":\"gen9natdexdraft@@@Tera Type Preview\",\"seed\":\"sodium,747e32f7322210ab9f33c5913a927549\"}\n>player p1 {\"name\":\"Ollieboy789\",\"avatar\":\"101\",\"team\":\"Great Tusk||AssaultVest|Protosynthesis|CloseCombat,Earthquake,StoneEdge,RapidSpin|Adamant|252,252,,,4,|N||||,Fighting,,,,Water]Roserade-Hell||RoseraditeHELL|NaturalCure|WickedBlow,PlayRough,CloseCombat,SwordsDance|Jolly|92,252,,,4,160|M||||,,,,,Dark]Glimmora||BlackSludge|Corrosion|Venoshock,SpikyShield,Toxic,Substitute|Timid|252,,4,,,252|M|,0,,,,|||,,,,,Fairy]Bronzong||Eviolite|Levitate|BodyPress,IronDefense,Toxic,StealthRock|Impish|252,,252,,4,|N|,0,,,,|||,,,,,Steel]Thundurus|ThundurusTherian|HeavyDutyBoots|VoltAbsorb|Thunderbolt,FocusBlast,Agility,NastyPlot|Timid|,,,252,4,252|M|,0,,,,|||,,,,,Electric]Octikrillery||HeavyDutyBoots|Sniper|SnipeShot,Flamethrower,Psychic,Recover|Calm|252,,4,,252,|F|,0,,,,|||,,,,,Water\",\"rating\":0}\n>player p2 {\"name\":\"umbreonreallysucks\",\"avatar\":\"265\",\"team\":\"Probenose||Leftovers|Levitate|HeavySlam,VoltSwitch,Recover,RapidSpin|Relaxed|248,8,252,,,|F||||,,,,,Electric]Ho-Ho||HeavyDutyBoots|Regenerator|SacredFire,Earthquake,BraveBird,Defog|Impish|248,8,252,,,|F||||,,,,,Ground]Reuniclus-Hell||AssaultVest|Regenerator|Psychic,ShadowBall,FocusBlast,KnockOff|Quiet|248,,,220,40,|F||||,,,,,Normal]Queendra-Dark||ChoiceScarf|Sniper|FrostBreath,SnipeShot,WeatherBall,FlipTurn|Modest|,,,252,,160|M||||,,,,,Fire]Diamoneye||Diamoneyite|Prankster|ShadowBall,DazzlingGleam,DarkPulse,WillOWisp|Timid|56,,,252,,200|M|,0,,,,|||,,,,,Ghost]Clashing Teeth||CovertCloak|Protosynthesis|DragonClaw,Earthquake,ExtremeSpeed,SwordsDance|Jolly|48,252,,,,208|F||||,,,,,Ground\",\"rating\":0}\n>chat ☆Ollieboy789|hf\n>chat ☆umbreonreallysucks|glhf\n>p1 team 1, 2, 3, 4, 5, 6\n>p2 team 3, 2, 1, 4, 5, 6\n>p1 switch 3\n>p2 move psychic\n>p1 move toxic\n>p2 move psychic\n>p1 switch 2\n>p1 switch 4\n>p2 switch 3\n>p1 move stealthrock\n>p2 move voltswitch\n>p2 switch 2\n>p1 move toxic\n>p2 move sacredfire\n>p1 switch 6\n>p2 move sacredfire\n>p1 move snipeshot\n>p2 switch 2\n>p1 switch 5\n>p2 move rapidspin\n>p1 move agility\n>p2 switch 3\n>p1 move nastyplot\n>p2 move psychic\n>p1 move thunderbolt\n>p2 move psychic\n>p1 switch 3\n>p2 switch 6\n>p1 move earthquake\n>p2 switch 2\n>p1 switch 6\n>p2 move sacredfire\n>p1 switch 5\n>p1 move snipeshot\n>p2 switch 3\n>p1 switch 6\n>p2 move recover\n>p1 move earthquake\n>p2 switch 3\n>p1 move stoneedge\n>p2 move bravebird\n>p1 move earthquake\n>p2 move bravebird terastallize\n>p1 switch 6\n>p2 switch 5\n>p1 move snipeshot\n>p2 move shadowball mega\n>p1 move snipeshot\n>p2 move shadowball\n>p1 switch 4\n>p1 move playrough\n>p2 switch 3\n>p1 move swordsdance mega\n>p2 move heavyslam\n>p1 move closecombat\n>p2 move heavyslam","uploadtime":1760037144}