{"id":"gen9natdexdraft-64","log":"|j|☆NottaDoc\n|j|☆poisonhealingg\n|t:|1760303029\n|gametype|singles\n|player|p1|NottaDoc|169|\n|player|p2|poisonhealingg|170|\n|gen|9\n|tier|[Gen 9] NatDex Draft\n|rule|Tera Type Preview: Tera Types are shown at Team Preview\n|rule|Sleep Clause Mod: Limit one foe put to sleep\n|rule|OHKO Clause: OHKO moves are banned\n|rule|Evasion Clause: Evasion abilities, items, and moves are banned\n|rule|Evasion Abilities Clause: Evasion abilities are banned\n|rule|Evasion Items Clause: Evasion items are banned\n|rule|Evasion Moves Clause: Evasion moves are banned\n|rule|Endless Battle Clause: Forcing endless battles is banned\n|rule|HP Percentage Mod: HP is shown in percentages\n|raw|<div class=\"infobox\"><details class=\"readmore\" open><summary><strong>1 custom rule:</strong></summary> Tera Type Preview</details></div>\n|clearpoke\n|poke|p1|Vileplume-Prime, M|\n|poke|p1|Typhlosion-Prime, M|\n|poke|p1|Zeraora|\n|poke|p1|Landorus-Therian, M|\n|poke|p1|Vaporeon, M|\n|poke|p1|Gholdengo|\n|poke|p2|Basculegion-Prime, M|\n|poke|p2|Chien-Pao|\n|poke|p2|Raging Bolt|\n|poke|p2|Glimmora, F|\n|poke|p2|Durant-Prime, F|\n|poke|p2|Dragonite, M|\n|raw|NottaDoc's Tera Types:<br /><psicon pokemon=\"vileplumeprime\" /><psicon type=\"Grass\" /> / <psicon pokemon=\"typhlosionprime\" /><psicon type=\"Fire\" /> / <psicon pokemon=\"zeraora\" /><psicon type=\"Fairy\" /> / <psicon pokemon=\"landorustherian\" /><psicon type=\"Ground\" /> / <psicon pokemon=\"vaporeon\" /><psicon type=\"Water\" /> / <psicon pokemon=\"gholdengo\" /><psicon type=\"Steel\" />\n|raw|poisonhealingg's Tera Types:<br /><psicon pokemon=\"basculegionprime\" /><psicon type=\"Water\" /> / <psicon pokemon=\"chienpao\" /><psicon type=\"Dark\" /> / <psicon pokemon=\"ragingbolt\" /><psicon type=\"Fire\" /> / <psicon pokemon=\"glimmora\" /><psicon type=\"Rock\" /> / <psicon pokemon=\"durantprime\" /><psicon type=\"Bug\" /> / <psicon pokemon=\"dragonite\" /><psicon type=\"Dragon\" />\n|teampreview\n|c|☆poisonhealingg|glhf\n|c|☆NottaDoc|glhf\n|\n|t:|1760303074\n|teamsize|p1|6\n|teamsize|p2|6\n|start\n|switch|p1a: Landorus|Landorus-Therian, M|100/100\n|switch|p2a: Dragonite|Dragonite, M|100/100\n|-ability|p1a: Landorus|Intimidate|boost\n|-unboost|p2a: Dragonite|atk|1\n|turn|1\n|\n|t:|1760303081\n|move|p1a: Landorus|U-turn|p2a: Dragonite\n|-resisted|p2a: Dragonite\n|-damage|p2a: Dragonite|94/100\n|\n|t:|1760303090\n|switch|p1a: Vaporeon|Vaporeon, M|100/100|[from] U-turn\n|move|p2a: Dragonite|Ice Beam|p1a: Vaporeon\n|-resisted|p1a: Vaporeon\n|-damage|p1a: Vaporeon|93/100\n|\n|-heal|p1a: Vaporeon|99/100|[from] item: Leftovers\n|upkeep\n|turn|2\n|\n|t:|1760303119\n|move|p2a: Dragonite|Roost|p2a: Dragonite\n|-heal|p2a: Dragonite|100/100\n|-singleturn|p2a: Dragonite|move: Roost\n|move|p1a: Vaporeon|Scald|p2a: Dragonite\n|-resisted|p2a: Dragonite\n|-damage|p2a: Dragonite|96/100\n|\n|-heal|p1a: Vaporeon|100/100|[from] item: Leftovers\n|upkeep\n|turn|3\n|\n|t:|1760303141\n|switch|p2a: Raging Bolt|Raging Bolt|100/100\n|move|p1a: Vaporeon|Scald|p2a: Raging Bolt\n|-resisted|p2a: Raging Bolt\n|-damage|p2a: Raging Bolt|87/100\n|-status|p2a: Raging Bolt|brn\n|\n|-damage|p2a: Raging Bolt|81/100 brn|[from] brn\n|upkeep\n|turn|4\n|\n|t:|1760303180\n|switch|p1a: Gholdengo|Gholdengo|100/100\n|move|p2a: Raging Bolt|Calm Mind|p2a: Raging Bolt\n|-boost|p2a: Raging Bolt|spa|1\n|-boost|p2a: Raging Bolt|spd|1\n|\n|-damage|p2a: Raging Bolt|75/100 brn|[from] brn\n|upkeep\n|turn|5\n|\n|t:|1760303187\n|-terastallize|p2a: Raging Bolt|Fire\n|move|p1a: Gholdengo|Trick|p2a: Raging Bolt\n|-activate|p1a: Gholdengo|move: Trick|[of] p2a: Raging Bolt\n|-item|p2a: Raging Bolt|Choice Scarf|[from] move: Trick\n|-item|p1a: Gholdengo|Shuca Berry|[from] move: Trick\n|move|p2a: Raging Bolt|Tera Blast|p1a: Gholdengo|[anim] Tera Blast Fire\n|-supereffective|p1a: Gholdengo\n|-damage|p1a: Gholdengo|0 fnt\n|faint|p1a: Gholdengo\n|\n|-damage|p2a: Raging Bolt|69/100 brn|[from] brn\n|upkeep\n|\n|t:|1760303196\n|switch|p1a: Vaporeon|Vaporeon, M|100/100\n|turn|6\n|\n|t:|1760303213\n|-end|p2a: Raging Bolt|Protosynthesis|[silent]\n|switch|p2a: Glimmora|Glimmora, F|100/100\n|move|p1a: Vaporeon|Scald|p2a: Glimmora\n|-supereffective|p2a: Glimmora\n|-damage|p2a: Glimmora|28/100\n|-status|p2a: Glimmora|brn\n|\n|-damage|p2a: Glimmora|22/100 brn|[from] brn\n|upkeep\n|turn|7\n|\n|t:|1760303222\n|move|p2a: Glimmora|Meteor Beam||[still]\n|-prepare|p2a: Glimmora|Meteor Beam\n|-boost|p2a: Glimmora|spa|1\n|-enditem|p2a: Glimmora|Power Herb\n|-anim|p2a: Glimmora|Meteor Beam|p1a: Vaporeon\n|-damage|p1a: Vaporeon|27/100\n|move|p1a: Vaporeon|Scald|p2a: Glimmora\n|-supereffective|p2a: Glimmora\n|-damage|p2a: Glimmora|0 fnt\n|faint|p2a: Glimmora\n|\n|-heal|p1a: Vaporeon|33/100|[from] item: Leftovers\n|upkeep\n|\n|t:|1760303229\n|switch|p2a: Durant-Prime|Durant-Prime, F|100/100\n|turn|8\n|\n|t:|1760303236\n|switch|p1a: Landorus|Landorus-Therian, M|100/100\n|-ability|p1a: Landorus|Intimidate|boost\n|-unboost|p2a: Durant-Prime|atk|1\n|move|p2a: Durant-Prime|U-turn|p1a: Landorus\n|-resisted|p1a: Landorus\n|-damage|p1a: Landorus|69/100\n|-damage|p2a: Durant-Prime|84/100|[from] item: Rocky Helmet|[of] p1a: Landorus\n|\n|t:|1760303246\n|switch|p2a: Chien-Pao|Chien-Pao|100/100|[from] U-turn\n|-ability|p2a: Chien-Pao|Sword of Ruin\n|\n|upkeep\n|turn|9\n|\n|t:|1760303270\n|move|p2a: Chien-Pao|Icicle Crash|p1a: Landorus\n|-supereffective|p1a: Landorus\n|-damage|p1a: Landorus|0 fnt\n|faint|p1a: Landorus\n|\n|upkeep\n|\n|t:|1760303273\n|switch|p1a: Typhlosion-Prime|Typhlosion-Prime, M|100/100\n|turn|10\n|c|☆poisonhealingg|uh\n|\n|t:|1760303288\n|switch|p2a: Dragonite|Dragonite, M|96/100\n|move|p1a: Typhlosion-Prime|Fiery Dance|p2a: Dragonite\n|-resisted|p2a: Dragonite\n|-crit|p2a: Dragonite\n|-damage|p2a: Dragonite|75/100\n|\n|upkeep\n|turn|11\n|\n|t:|1760303385\n|move|p1a: Typhlosion-Prime|Will-O-Wisp|p2a: Dragonite\n|-status|p2a: Dragonite|brn\n|move|p2a: Dragonite|Earthquake|p1a: Typhlosion-Prime\n|-supereffective|p1a: Typhlosion-Prime\n|-damage|p1a: Typhlosion-Prime|73/100\n|\n|-damage|p2a: Dragonite|68/100 brn|[from] brn\n|upkeep\n|turn|12\n|\n|t:|1760303419\n|switch|p1a: Vaporeon|Vaporeon, M|33/100\n|switch|p2a: Raging Bolt|Raging Bolt, tera:Fire|69/100 brn\n|\n|-heal|p1a: Vaporeon|39/100|[from] item: Leftovers\n|-damage|p2a: Raging Bolt|62/100 brn|[from] brn\n|upkeep\n|turn|13\n|\n|t:|1760303445\n|move|p2a: Raging Bolt|Tera Blast|p1a: Vaporeon|[anim] Tera Blast Fire\n|-resisted|p1a: Vaporeon\n|-damage|p1a: Vaporeon|21/100\n|move|p1a: Vaporeon|Wish|p1a: Vaporeon\n|\n|-heal|p1a: Vaporeon|27/100|[from] item: Leftovers\n|-damage|p2a: Raging Bolt|56/100 brn|[from] brn\n|upkeep\n|turn|14\n|\n|t:|1760303460\n|-end|p2a: Raging Bolt|Protosynthesis|[silent]\n|switch|p2a: Chien-Pao|Chien-Pao|100/100\n|-ability|p2a: Chien-Pao|Sword of Ruin\n|move|p1a: Vaporeon|Scald|p2a: Chien-Pao\n|-damage|p2a: Chien-Pao|58/100\n|\n|-heal|p1a: Vaporeon|77/100|[from] move: Wish|[wisher] Vaporeon\n|-heal|p1a: Vaporeon|83/100|[from] item: Leftovers\n|upkeep\n|turn|15\n|\n|t:|1760303474\n|move|p2a: Chien-Pao|Swords Dance|p2a: Chien-Pao\n|-boost|p2a: Chien-Pao|atk|2\n|move|p1a: Vaporeon|Scald|p2a: Chien-Pao\n|-damage|p2a: Chien-Pao|21/100\n|-status|p2a: Chien-Pao|brn\n|\n|-heal|p1a: Vaporeon|90/100|[from] item: Leftovers\n|-damage|p2a: Chien-Pao|15/100 brn|[from] brn\n|upkeep\n|turn|16\n|c|☆NottaDoc|these burns been heavy, sorry\n|\n|t:|1760303491\n|move|p2a: Chien-Pao|Crunch|p1a: Vaporeon\n|-damage|p1a: Vaporeon|46/100\n|-unboost|p1a: Vaporeon|def|1\n|move|p1a: Vaporeon|Scald|p2a: Chien-Pao\n|-damage|p2a: Chien-Pao|0 fnt\n|faint|p2a: Chien-Pao\n|\n|-heal|p1a: Vaporeon|52/100|[from] item: Leftovers\n|upkeep\n|\n|t:|1760303496\n|switch|p2a: Basculegion-Prime|Basculegion-Prime, M|100/100\n|-activate|p2a: Basculegion-Prime|ability: Supreme Overlord\n|-start|p2a: Basculegion-Prime|fallen2|[silent]\n|turn|17\n|\n|t:|1760303503\n|move|p2a: Basculegion-Prime|No Retreat|p2a: Basculegion-Prime\n|-boost|p2a: Basculegion-Prime|atk|1\n|-boost|p2a: Basculegion-Prime|def|1\n|-boost|p2a: Basculegion-Prime|spa|1\n|-boost|p2a: Basculegion-Prime|spd|1\n|-boost|p2a: Basculegion-Prime|spe|1\n|-start|p2a: Basculegion-Prime|move: No Retreat\n|move|p1a: Vaporeon|Yawn|p2a: Basculegion-Prime\n|-start|p2a: Basculegion-Prime|move: Yawn|[of] p1a: Vaporeon\n|\n|-heal|p1a: Vaporeon|58/100|[from] item: Leftovers\n|upkeep\n|turn|18\n|\n|t:|1760303519\n|-end|p2a: Basculegion-Prime|fallen2|[silent]\n|switch|p2a: Durant-Prime|Durant-Prime, F|84/100\n|move|p1a: Vaporeon|Scald|p2a: Durant-Prime\n|-damage|p2a: Durant-Prime|41/100\n|\n|-heal|p1a: Vaporeon|65/100|[from] item: Leftovers\n|upkeep\n|turn|19\n|\n|t:|1760303606\n|switch|p1a: Vileplume-Prime|Vileplume-Prime, M|100/100\n|move|p2a: Durant-Prime|U-turn|p1a: Vileplume-Prime\n|-damage|p1a: Vileplume-Prime|55/100\n|-damage|p2a: Durant-Prime|24/100|[from] item: Rocky Helmet|[of] p1a: Vileplume-Prime\n|\n|t:|1760303627\n|switch|p2a: Raging Bolt|Raging Bolt, tera:Fire|56/100 brn|[from] U-turn\n|\n|-damage|p2a: Raging Bolt|50/100 brn|[from] brn\n|upkeep\n|turn|20\n|\n|t:|1760303688\n|-end|p2a: Raging Bolt|Protosynthesis|[silent]\n|switch|p2a: Durant-Prime|Durant-Prime, F|24/100\n|move|p1a: Vileplume-Prime|Strength Sap|p2a: Durant-Prime\n|-unboost|p2a: Durant-Prime|atk|1\n|-heal|p1a: Vileplume-Prime|100/100\n|\n|upkeep\n|turn|21\n|\n|t:|1760303703\n|switch|p2a: Dragonite|Dragonite, M|68/100 brn\n|move|p1a: Vileplume-Prime|Fiery Dance|p2a: Dragonite\n|-resisted|p2a: Dragonite\n|-damage|p2a: Dragonite|61/100 brn\n|-boost|p1a: Vileplume-Prime|spa|1\n|\n|-damage|p2a: Dragonite|55/100 brn|[from] brn\n|upkeep\n|turn|22\n|\n|t:|1760303715\n|move|p2a: Dragonite|Ice Beam|p1a: Vileplume-Prime\n|-supereffective|p1a: Vileplume-Prime\n|-damage|p1a: Vileplume-Prime|70/100\n|move|p1a: Vileplume-Prime|Fiery Dance|p2a: Dragonite\n|-resisted|p2a: Dragonite\n|-damage|p2a: Dragonite|44/100 brn\n|-boost|p1a: Vileplume-Prime|spa|1\n|\n|-damage|p2a: Dragonite|38/100 brn|[from] brn\n|upkeep\n|turn|23\n|j| gyrejcnsakd\n|\n|t:|1760303744\n|move|p2a: Dragonite|Ice Beam|p1a: Vileplume-Prime\n|-supereffective|p1a: Vileplume-Prime\n|-damage|p1a: Vileplume-Prime|36/100\n|move|p1a: Vileplume-Prime|Fiery Dance|p2a: Dragonite\n|-resisted|p2a: Dragonite\n|-damage|p2a: Dragonite|23/100 brn\n|\n|-damage|p2a: Dragonite|17/100 brn|[from] brn\n|upkeep\n|turn|24\n|\n|t:|1760303752\n|move|p1a: Vileplume-Prime|Strength Sap|p2a: Dragonite\n|-unboost|p2a: Dragonite|atk|1\n|-heal|p1a: Vileplume-Prime|100/100\n|move|p2a: Dragonite|Roost|p2a: Dragonite\n|-heal|p2a: Dragonite|67/100 brn\n|-singleturn|p2a: Dragonite|move: Roost\n|\n|-damage|p2a: Dragonite|61/100 brn|[from] brn\n|upkeep\n|turn|25\n|\n|t:|1760303763\n|move|p2a: Dragonite|Roost|p2a: Dragonite\n|-heal|p2a: Dragonite|100/100 brn\n|-singleturn|p2a: Dragonite|move: Roost\n|move|p1a: Vileplume-Prime|Fiery Dance|p2a: Dragonite\n|-resisted|p2a: Dragonite\n|-damage|p2a: Dragonite|93/100 brn\n|\n|-damage|p2a: Dragonite|87/100 brn|[from] brn\n|upkeep\n|turn|26\n|\n|t:|1760303783\n|move|p1a: Vileplume-Prime|Fiery Dance|p2a: Dragonite\n|-resisted|p2a: Dragonite\n|-crit|p2a: Dragonite\n|-damage|p2a: Dragonite|67/100 brn\n|move|p2a: Dragonite|Ice Beam|p1a: Vileplume-Prime\n|-supereffective|p1a: Vileplume-Prime\n|-damage|p1a: Vileplume-Prime|68/100\n|\n|-damage|p2a: Dragonite|60/100 brn|[from] brn\n|upkeep\n|turn|27\n|\n|t:|1760303807\n|move|p2a: Dragonite|Ice Beam|p1a: Vileplume-Prime\n|-supereffective|p1a: Vileplume-Prime\n|-damage|p1a: Vileplume-Prime|33/100\n|move|p1a: Vileplume-Prime|Fiery Dance|p2a: Dragonite\n|-resisted|p2a: Dragonite\n|-damage|p2a: Dragonite|46/100 brn\n|\n|-damage|p2a: Dragonite|39/100 brn|[from] brn\n|upkeep\n|turn|28\n|\n|t:|1760303815\n|move|p1a: Vileplume-Prime|Strength Sap|p2a: Dragonite\n|-unboost|p2a: Dragonite|atk|1\n|-heal|p1a: Vileplume-Prime|85/100\n|move|p2a: Dragonite|Roost|p2a: Dragonite\n|-heal|p2a: Dragonite|89/100 brn\n|-singleturn|p2a: Dragonite|move: Roost\n|\n|-damage|p2a: Dragonite|83/100 brn|[from] brn\n|upkeep\n|turn|29\n|\n|t:|1760303825\n|switch|p1a: Vaporeon|Vaporeon, M|65/100\n|move|p2a: Dragonite|Ice Beam|p1a: Vaporeon\n|-resisted|p1a: Vaporeon\n|-damage|p1a: Vaporeon|56/100\n|\n|-heal|p1a: Vaporeon|63/100|[from] item: Leftovers\n|-damage|p2a: Dragonite|77/100 brn|[from] brn\n|upkeep\n|turn|30\n|\n|t:|1760303838\n|move|p2a: Dragonite|Ice Beam|p1a: Vaporeon\n|-resisted|p1a: Vaporeon\n|-damage|p1a: Vaporeon|54/100\n|move|p1a: Vaporeon|Flip Turn|p2a: Dragonite\n|-resisted|p2a: Dragonite\n|-damage|p2a: Dragonite|71/100 brn\n|\n|t:|1760303856\n|switch|p1a: Zeraora|Zeraora|100/100|[from] Flip Turn\n|\n|-damage|p2a: Dragonite|65/100 brn|[from] brn\n|upkeep\n|turn|31\n|\n|t:|1760303875\n|-terastallize|p1a: Zeraora|Fairy\n|move|p1a: Zeraora|Bulk Up|p1a: Zeraora\n|-boost|p1a: Zeraora|atk|1\n|-boost|p1a: Zeraora|def|1\n|move|p2a: Dragonite|Ice Beam|p1a: Zeraora\n|-damage|p1a: Zeraora|73/100\n|\n|-heal|p1a: Zeraora|79/100|[from] item: Leftovers\n|-damage|p2a: Dragonite|59/100 brn|[from] brn\n|upkeep\n|turn|32\n|\n|t:|1760303890\n|move|p1a: Zeraora|Plasma Fists|p2a: Dragonite\n|-damage|p2a: Dragonite|0 fnt\n|-fieldactivate|move: Ion Deluge\n|-hint|Normal-type moves become Electric-type after using Plasma Fists.\n|faint|p2a: Dragonite\n|\n|-heal|p1a: Zeraora|85/100|[from] item: Leftovers\n|upkeep\n|\n|t:|1760303896\n|switch|p2a: Raging Bolt|Raging Bolt, tera:Fire|50/100 brn\n|turn|33\n|\n|t:|1760303906\n|move|p1a: Zeraora|Plasma Fists|p2a: Raging Bolt\n|-damage|p2a: Raging Bolt|0 fnt\n|-fieldactivate|move: Ion Deluge\n|-hint|Normal-type moves become Electric-type after using Plasma Fists.\n|faint|p2a: Raging Bolt\n|-end|p2a: Raging Bolt|Protosynthesis|[silent]\n|\n|-heal|p1a: Zeraora|91/100|[from] item: Leftovers\n|upkeep\n|\n|t:|1760303910\n|switch|p2a: Durant-Prime|Durant-Prime, F|24/100\n|turn|34\n|\n|t:|1760303921\n|move|p2a: Durant-Prime|First Impression|p1a: Zeraora\n|-resisted|p1a: Zeraora\n|-damage|p1a: Zeraora|46/100\n|move|p1a: Zeraora|Plasma Fists|p2a: Durant-Prime\n|-damage|p2a: Durant-Prime|0 fnt\n|-fieldactivate|move: Ion Deluge\n|-hint|Normal-type moves become Electric-type after using Plasma Fists.\n|faint|p2a: Durant-Prime\n|\n|-heal|p1a: Zeraora|52/100|[from] item: Leftovers\n|upkeep\n|\n|t:|1760303924\n|switch|p2a: Basculegion-Prime|Basculegion-Prime, M|100/100\n|-activate|p2a: Basculegion-Prime|ability: Supreme Overlord\n|-start|p2a: Basculegion-Prime|fallen5|[silent]\n|turn|35\n|\n|t:|1760303932\n|move|p1a: Zeraora|Plasma Fists|p2a: Basculegion-Prime\n|-supereffective|p2a: Basculegion-Prime\n|-damage|p2a: Basculegion-Prime|0 fnt\n|-fieldactivate|move: Ion Deluge\n|-hint|Normal-type moves become Electric-type after using Plasma Fists.\n|faint|p2a: Basculegion-Prime\n|-end|p2a: Basculegion-Prime|fallen5|[silent]\n|\n|win|NottaDoc\n|c|☆poisonhealingg|gg\n|c|☆NottaDoc|gg\n","players":["NottaDoc","poisonhealingg"],"format":"[Gen 9] NatDex Draft","rating":null,"private":0,"password":null,"inputlog":">version c5f06566d1a0a24bc6fa6bc2146fd951ef712f76\n>start {\"formatid\":\"gen9natdexdraft@@@Tera Type Preview\",\"seed\":\"sodium,0819ff4ccf2c0896df848b708326e5df\"}\n>player p1 {\"name\":\"NottaDoc\",\"avatar\":\"169\",\"team\":\"Vileplume-Prime||RockyHelmet|Triage|StrengthSap,Spore,GigaDrain,FieryDance|Bold|252,,252,,,|M|,0,,,,|||,,,,,Grass]Typhlosion-Prime||HeavyDutyBoots|Blaze|ElectroDrift,FieryDance,BurningBulwark,WillOWisp|Modest|176,,,252,,80|M|,0,,,,|||,,,,,Fire]Zeraora||Leftovers|VoltAbsorb|PlayRough,BlazeKick,PlasmaFists,BulkUp|Jolly|60,252,,,4,192|N||||,,,,,Fairy]Landorus|LandorusTherian|RockyHelmet|Intimidate|Uturn,Earthquake,Defog,StealthRock|Jolly|4,252,,,,252|M||||,,,,,Ground]Vaporeon||Leftovers|WaterAbsorb|Yawn,Wish,Scald,FlipTurn|Bold|252,,252,,,|M||||,,,,,Water]Gholdengo||ChoiceScarf|GoodasGold|Trick,MakeItRain,ThunderWave,ShadowBall|Timid|4,,,252,,252|N|,0,,,,|||,,,,,Steel\",\"rating\":0}\n>player p2 {\"name\":\"poisonhealingg\",\"avatar\":\"170\",\"team\":\"Basculegion-Prime||ClearAmulet|SupremeOverlord|WaveCrash,Liquidation,PsychicFangs,NoRetreat|Jolly|,252,,,56,200|M||||,,,,,Water]Chien-Pao||HeavyDutyBoots|SwordofRuin|Crunch,SuckerPunch,IcicleCrash,SwordsDance|Adamant|240,252,,,,16|N||||,,,,,Dark]Raging Bolt||ShucaBerry|Protosynthesis|Thunderbolt,Thunderclap,TeraBlast,CalmMind|Modest|,,116,252,,140|N||||,Fighting,,,,Fire]Glimmora||PowerHerb|ToxicDebris|MeteorBeam,SludgeWave,EarthPower,RockPolish|Timid|68,,,252,,188|F|,0,,,,|||,,,,,Rock]Durant-Prime||ChoiceBand|Hustle|FirstImpression,Uturn,BehemothBash,Crunch|Jolly|,252,,,72,184|F||||,,,,,Bug]Dragonite||HeavyDutyBoots|Multiscale|Earthquake,IceBeam,ExtremeSpeed,Roost|Sassy|252,,4,,252,|M||||,,,,,Dragon\",\"rating\":0}\n>chat ☆poisonhealingg|glhf\n>chat ☆NottaDoc|glhf\n>p1 team 4, 2, 3, 1, 5, 6\n>p2 team 6, 2, 3, 4, 5, 1\n>p1 move uturn\n>p2 move icebeam\n>p1 switch 5\n>p1 move scald\n>p2 move roost\n>p1 move scald\n>p2 switch 3\n>p1 switch 6\n>p2 move calmmind\n>p1 move trick\n>p2 move terablast terastallize\n>p1 switch 6\n>p1 move scald\n>p2 switch 4\n>p1 move scald\n>p2 move meteorbeam\n>p2 switch 5\n>p1 switch 5\n>p2 move uturn\n>p2 switch 2\n>p1 move uturn\n>p2 move iciclecrash\n>p1 switch 2\n>chat ☆poisonhealingg|uh\n>p1 move fierydance\n>p2 switch 3\n>p1 move willowisp\n>p2 move earthquake\n>p1 switch 5\n>p2 switch 4\n>p1 move wish\n>p2 move terablast\n>p1 move scald\n>p2 switch 3\n>p1 move scald\n>p2 move swordsdance\n>chat ☆NottaDoc|these burns been heavy, sorry\n>p1 move scald\n>p2 move crunch\n>p2 switch 6\n>p1 move yawn\n>p2 move noretreat\n>p1 move scald\n>p2 switch 2\n>p1 switch 4\n>p2 move uturn\n>p2 switch 3\n>p1 move strengthsap\n>p2 switch 3\n>p1 move fierydance\n>p2 switch 4\n>p1 move fierydance\n>p2 move icebeam\n>p1 move fierydance\n>p2 move icebeam\n>p1 move strengthsap\n>p2 move roost\n>p1 move fierydance\n>p2 move roost\n>p1 move fierydance\n>p2 move icebeam\n>p1 move fierydance\n>p2 move icebeam\n>p1 move strengthsap\n>p2 move roost\n>p1 switch 4\n>p2 move icebeam\n>p1 move flipturn\n>p2 move icebeam\n>p1 switch 3\n>p1 move bulkup terastallize\n>p2 move icebeam\n>p1 move plasmafists\n>p2 move icebeam\n>p2 switch 3\n>p1 move plasmafists\n>p2 move terablast\n>p2 switch 4\n>p1 move plasmafists\n>p2 move firstimpression\n>p2 switch 2\n>p1 move plasmafists\n>p2 move noretreat","uploadtime":1760303942}