{"id":"gen9natdexdraft-95","log":"|j|☆Swagboi21_W\n|j|☆liviifailure\n|t:|1760817797\n|gametype|singles\n|player|p1|Swagboi21_W|265|\n|player|p2|liviifailure|iris-gen5bw2|\n|gen|9\n|tier|[Gen 9] NatDex Draft\n|rule|Tera Type Preview: Tera Types are shown at Team Preview\n|rule|Sleep Clause Mod: Limit one foe put to sleep\n|rule|OHKO Clause: OHKO moves are banned\n|rule|Evasion Clause: Evasion abilities, items, and moves are banned\n|rule|Evasion Abilities Clause: Evasion abilities are banned\n|rule|Evasion Items Clause: Evasion items are banned\n|rule|Evasion Moves Clause: Evasion moves are banned\n|rule|Endless Battle Clause: Forcing endless battles is banned\n|rule|HP Percentage Mod: HP is shown in percentages\n|raw|<div class=\"infobox\"><details class=\"readmore\" open><summary><strong>1 custom rule:</strong></summary> Tera Type Preview</details></div>\n|clearpoke\n|poke|p1|Blastoise-Prime, F|\n|poke|p1|Blacephalon|\n|poke|p1|Breloom-Prime, M|\n|poke|p1|Sandy Shocks|\n|poke|p1|Araquanid, F|\n|poke|p1|Iron Crown|\n|poke|p2|Dragalge-Prime, M|\n|poke|p2|Brambleghast-Prime, F|\n|poke|p2|Rotom-Wash|\n|poke|p2|Terapagos, M|\n|poke|p2|Iron Bundle|\n|poke|p2|Hattrem, F|\n|raw|Swagboi21_W's Tera Types:<br /><psicon pokemon=\"blastoiseprime\" /><psicon type=\"Water\" /> / <psicon pokemon=\"blacephalon\" /><psicon type=\"Fire\" /> / <psicon pokemon=\"breloomprime\" /><psicon type=\"Grass\" /> / <psicon pokemon=\"sandyshocks\" /><psicon type=\"Electric\" /> / <psicon pokemon=\"araquanid\" /><psicon type=\"Water\" /> / <psicon pokemon=\"ironcrown\" /><psicon type=\"Fighting\" />\n|raw|liviifailure's Tera Types:<br /><psicon pokemon=\"dragalgeprime\" /><psicon type=\"Stellar\" /> / <psicon pokemon=\"brambleghastprime\" /><psicon type=\"Stellar\" /> / <psicon pokemon=\"rotomwash\" /><psicon type=\"Stellar\" /> / <psicon pokemon=\"terapagos\" /><psicon type=\"Stellar\" /> / <psicon pokemon=\"ironbundle\" /><psicon type=\"Stellar\" /> / <psicon pokemon=\"hattrem\" /><psicon type=\"Fairy\" />\n|teampreview\n|c|☆liviifailure|glhf\n|c|☆Swagboi21_W|glhf\n|\n|t:|1760817842\n|teamsize|p1|6\n|teamsize|p2|6\n|start\n|switch|p1a: Araquanid|Araquanid, F|100/100\n|switch|p2a: Iron Bundle|Iron Bundle|100/100\n|turn|1\n|\n|t:|1760817849\n|move|p2a: Iron Bundle|Taunt|p1a: Araquanid\n|-start|p1a: Araquanid|move: Taunt\n|move|p1a: Araquanid|Lunge|p2a: Iron Bundle\n|-damage|p2a: Iron Bundle|66/100\n|-unboost|p2a: Iron Bundle|atk|1\n|\n|upkeep\n|turn|2\n|\n|t:|1760817877\n|switch|p1a: Iron Crown|Iron Crown|100/100\n|-enditem|p1a: Iron Crown|Booster Energy\n|-activate|p1a: Iron Crown|ability: Quark Drive|[fromitem]\n|-start|p1a: Iron Crown|quarkdrivespe\n|move|p2a: Iron Bundle|Freeze-Dry|p1a: Iron Crown\n|-resisted|p1a: Iron Crown\n|-damage|p1a: Iron Crown|84/100\n|\n|upkeep\n|turn|3\n|\n|t:|1760817910\n|-end|p2a: Iron Bundle|Quark Drive|[silent]\n|switch|p2a: Hattrem|Hattrem, F, shiny|100/100\n|move|p1a: Iron Crown|Calm Mind|p1a: Iron Crown\n|-boost|p1a: Iron Crown|spa|1\n|-boost|p1a: Iron Crown|spd|1\n|\n|upkeep\n|turn|4\n|\n|t:|1760817923\n|move|p1a: Iron Crown|Tachyon Cutter|p2a: Hattrem\n|-damage|p2a: Hattrem|78/100\n|-damage|p2a: Hattrem|55/100\n|-hitcount|p2a: Hattrem|2\n|move|p2a: Hattrem|Mystical Fire|p1a: Iron Crown\n|-supereffective|p1a: Iron Crown\n|-damage|p1a: Iron Crown|64/100\n|-unboost|p1a: Iron Crown|spa|1\n|\n|upkeep\n|turn|5\n|\n|t:|1760817941\n|move|p1a: Iron Crown|Calm Mind|p1a: Iron Crown\n|-boost|p1a: Iron Crown|spa|1\n|-boost|p1a: Iron Crown|spd|1\n|move|p2a: Hattrem|Trick Room|p2a: Hattrem\n|-fieldstart|move: Trick Room|[of] p2a: Hattrem\n|\n|upkeep\n|turn|6\n|\n|t:|1760817945\n|move|p2a: Hattrem|Mystical Fire|p1a: Iron Crown\n|-supereffective|p1a: Iron Crown\n|-damage|p1a: Iron Crown|50/100\n|-unboost|p1a: Iron Crown|spa|1\n|move|p1a: Iron Crown|Calm Mind|p1a: Iron Crown\n|-boost|p1a: Iron Crown|spa|1\n|-boost|p1a: Iron Crown|spd|1\n|\n|upkeep\n|turn|7\n|\n|t:|1760817952\n|move|p2a: Hattrem|Mystical Fire|p1a: Iron Crown\n|-supereffective|p1a: Iron Crown\n|-damage|p1a: Iron Crown|38/100\n|-unboost|p1a: Iron Crown|spa|1\n|move|p1a: Iron Crown|Calm Mind|p1a: Iron Crown\n|-boost|p1a: Iron Crown|spa|1\n|-boost|p1a: Iron Crown|spd|1\n|\n|upkeep\n|turn|8\n|\n|t:|1760817960\n|move|p2a: Hattrem|Mystical Fire|p1a: Iron Crown\n|-supereffective|p1a: Iron Crown\n|-damage|p1a: Iron Crown|27/100\n|-unboost|p1a: Iron Crown|spa|1\n|move|p1a: Iron Crown|Calm Mind|p1a: Iron Crown\n|-boost|p1a: Iron Crown|spa|1\n|-boost|p1a: Iron Crown|spd|1\n|\n|upkeep\n|turn|9\n|\n|t:|1760817968\n|move|p2a: Hattrem|Mystical Fire|p1a: Iron Crown\n|-supereffective|p1a: Iron Crown\n|-damage|p1a: Iron Crown|18/100\n|-unboost|p1a: Iron Crown|spa|1\n|move|p1a: Iron Crown|Calm Mind|p1a: Iron Crown\n|-boost|p1a: Iron Crown|spa|1\n|-boost|p1a: Iron Crown|spd|1\n|\n|-fieldend|move: Trick Room\n|upkeep\n|turn|10\n|\n|t:|1760817979\n|move|p1a: Iron Crown|Tachyon Cutter|p2a: Hattrem\n|-damage|p2a: Hattrem|32/100\n|-damage|p2a: Hattrem|11/100\n|-hitcount|p2a: Hattrem|2\n|move|p2a: Hattrem|Trick Room|p2a: Hattrem\n|-fieldstart|move: Trick Room|[of] p2a: Hattrem\n|\n|upkeep\n|turn|11\n|\n|t:|1760817986\n|move|p2a: Hattrem|Mystical Fire|p1a: Iron Crown\n|-supereffective|p1a: Iron Crown\n|-damage|p1a: Iron Crown|10/100\n|-unboost|p1a: Iron Crown|spa|1\n|move|p1a: Iron Crown|Tachyon Cutter|p2a: Hattrem\n|-damage|p2a: Hattrem|0 fnt\n|faint|p2a: Hattrem\n|-hitcount|p2: Hattrem|1\n|\n|upkeep\n|\n|t:|1760817995\n|switch|p2a: Dragalge-Prime|Dragalge-Prime, M|100/100\n|turn|12\n|\n|t:|1760817998\n|move|p2a: Dragalge-Prime|Flip Turn|p1a: Iron Crown\n|-damage|p1a: Iron Crown|0 fnt\n|faint|p1a: Iron Crown\n|-end|p1a: Iron Crown|Quark Drive|[silent]\n|\n|t:|1760818022\n|switch|p2a: Terapagos|Terapagos, M|100/100|[from] Flip Turn\n|-activate|p2a: Terapagos|ability: Tera Shift\n|detailschange|p2a: Terapagos|Terapagos-Terastal, M\n|-heal|p2a: Terapagos|100/100|[silent]\n|\n|upkeep\n|\n|t:|1760818031\n|switch|p1a: Breloom-Prime|Breloom-Prime, M|100/100\n|turn|13\n|\n|t:|1760818038\n|move|p2a: Terapagos|Tera Starstorm|p1a: Breloom-Prime\n|-damage|p1a: Breloom-Prime|26/100\n|move|p1a: Breloom-Prime|Sappy Seed|p2a: Terapagos\n|-activate|p2a: Terapagos|ability: Tera Shell\n|-resisted|p2a: Terapagos\n|-damage|p2a: Terapagos|74/100\n|-start|p2a: Terapagos|move: Leech Seed\n|\n|-damage|p2a: Terapagos|61/100|[from] Leech Seed|[of] p1a: Breloom-Prime\n|-heal|p1a: Breloom-Prime|40/100|[silent]\n|upkeep\n|turn|14\n|\n|t:|1760818068\n|switch|p1a: Blacephalon|Blacephalon|100/100\n|move|p2a: Terapagos|Earth Power|p1a: Blacephalon\n|-supereffective|p1a: Blacephalon\n|-damage|p1a: Blacephalon|13/100\n|\n|-damage|p2a: Terapagos|49/100|[from] Leech Seed|[of] p1a: Blacephalon\n|-heal|p1a: Blacephalon|26/100|[silent]\n|-fieldend|move: Trick Room\n|upkeep\n|turn|15\n|\n|t:|1760818085\n|switch|p1a: Araquanid|Araquanid, F|100/100\n|move|p2a: Terapagos|Earth Power|p1a: Araquanid\n|-resisted|p1a: Araquanid\n|-damage|p1a: Araquanid|89/100\n|\n|-damage|p2a: Terapagos|36/100|[from] Leech Seed|[of] p1a: Araquanid\n|-heal|p1a: Araquanid|100/100|[silent]\n|upkeep\n|turn|16\n|\n|t:|1760818094\n|move|p2a: Terapagos|Stealth Rock|p1a: Araquanid\n|-sidestart|p1: Swagboi21_W|move: Stealth Rock\n|move|p1a: Araquanid|Mirror Coat||[still]\n|-fail|p1a: Araquanid\n|\n|-damage|p2a: Terapagos|24/100|[from] Leech Seed|[of] p1a: Araquanid\n|upkeep\n|turn|17\n|\n|t:|1760818105\n|move|p2a: Terapagos|Rapid Spin|p1a: Araquanid\n|-damage|p1a: Araquanid|83/100\n|-boost|p2a: Terapagos|spe|1\n|-end|p2a: Terapagos|Leech Seed|[from] move: Rapid Spin|[of] p2a: Terapagos\n|move|p1a: Araquanid|Lunge|p2a: Terapagos\n|-damage|p2a: Terapagos|0 fnt\n|faint|p2a: Terapagos\n|\n|upkeep\n|\n|t:|1760818136\n|switch|p2a: Dragalge-Prime|Dragalge-Prime, M|100/100\n|turn|18\n|\n|t:|1760818140\n|move|p2a: Dragalge-Prime|Thunderbolt|p1a: Araquanid\n|-supereffective|p1a: Araquanid\n|-damage|p1a: Araquanid|36/100\n|move|p1a: Araquanid|Mirror Coat|p2a: Dragalge-Prime\n|-damage|p2a: Dragalge-Prime|14/100\n|\n|upkeep\n|turn|19\n|\n|t:|1760818149\n|switch|p1a: Sandy Shocks|Sandy Shocks|100/100\n|-damage|p1a: Sandy Shocks|94/100|[from] Stealth Rock\n|-enditem|p1a: Sandy Shocks|Booster Energy\n|-activate|p1a: Sandy Shocks|ability: Protosynthesis|[fromitem]\n|-start|p1a: Sandy Shocks|protosynthesisspa\n|move|p2a: Dragalge-Prime|Thunderbolt|p1a: Sandy Shocks\n|-immune|p1a: Sandy Shocks\n|\n|upkeep\n|turn|20\n|\n|t:|1760818162\n|move|p1a: Sandy Shocks|Thunderbolt|p2a: Dragalge-Prime\n|-resisted|p2a: Dragalge-Prime\n|-damage|p2a: Dragalge-Prime|2/100\n|move|p2a: Dragalge-Prime|Flip Turn|p1a: Sandy Shocks\n|-supereffective|p1a: Sandy Shocks\n|-damage|p1a: Sandy Shocks|65/100\n|\n|t:|1760818177\n|switch|p2a: Iron Bundle|Iron Bundle|66/100|[from] Flip Turn\n|\n|upkeep\n|turn|21\n|\n|t:|1760818185\n|move|p2a: Iron Bundle|Hydro Pump|p1a: Sandy Shocks\n|-supereffective|p1a: Sandy Shocks\n|-damage|p1a: Sandy Shocks|0 fnt\n|faint|p1a: Sandy Shocks\n|-end|p1a: Sandy Shocks|Protosynthesis|[silent]\n|\n|upkeep\n|\n|t:|1760818206\n|switch|p1a: Blacephalon|Blacephalon|26/100\n|-damage|p1a: Blacephalon|1/100|[from] Stealth Rock\n|turn|22\n|\n|t:|1760818222\n|move|p2a: Iron Bundle|Freeze-Dry|p1a: Blacephalon\n|-resisted|p1a: Blacephalon\n|-damage|p1a: Blacephalon|0 fnt\n|faint|p1a: Blacephalon\n|\n|upkeep\n|\n|t:|1760818259\n|switch|p1a: Blastoise-Prime|Blastoise-Prime, F|100/100\n|-damage|p1a: Blastoise-Prime|88/100|[from] Stealth Rock\n|-ability|p1a: Blastoise-Prime|Dauntless Shield|boost\n|-boost|p1a: Blastoise-Prime|def|1\n|turn|23\n|\n|t:|1760818270\n|move|p2a: Iron Bundle|Freeze-Dry|p1a: Blastoise-Prime\n|-supereffective|p1a: Blastoise-Prime\n|-damage|p1a: Blastoise-Prime|26/100\n|move|p1a: Blastoise-Prime|Shell Smash|p1a: Blastoise-Prime\n|-unboost|p1a: Blastoise-Prime|def|1\n|-unboost|p1a: Blastoise-Prime|spd|1\n|-boost|p1a: Blastoise-Prime|atk|2\n|-boost|p1a: Blastoise-Prime|spa|2\n|-boost|p1a: Blastoise-Prime|spe|2\n|\n|upkeep\n|turn|24\n|\n|t:|1760818288\n|move|p1a: Blastoise-Prime|Freeze-Dry|p2a: Iron Bundle\n|-damage|p2a: Iron Bundle|0 fnt\n|faint|p2a: Iron Bundle\n|-end|p2a: Iron Bundle|Quark Drive|[silent]\n|\n|upkeep\n|\n|t:|1760818294\n|switch|p2a: Brambleghast-Prime|Brambleghast-Prime, F|100/100\n|turn|25\n|\n|t:|1760818301\n|move|p1a: Blastoise-Prime|Freeze-Dry|p2a: Brambleghast-Prime\n|-supereffective|p2a: Brambleghast-Prime\n|-enditem|p2a: Brambleghast-Prime|Focus Sash\n|-damage|p2a: Brambleghast-Prime|1/100\n|-status|p2a: Brambleghast-Prime|frz\n|cant|p2a: Brambleghast-Prime|frz\n|\n|upkeep\n|turn|26\n|\n|t:|1760818315\n|move|p1a: Blastoise-Prime|Freeze-Dry|p2a: Brambleghast-Prime\n|-supereffective|p2a: Brambleghast-Prime\n|-damage|p2a: Brambleghast-Prime|0 fnt\n|faint|p2a: Brambleghast-Prime\n|\n|upkeep\n|\n|t:|1760818320\n|switch|p2a: Rotom|Rotom-Wash|100/100\n|turn|27\n|\n|t:|1760818324\n|move|p1a: Blastoise-Prime|Freeze-Dry|p2a: Rotom\n|-supereffective|p2a: Rotom\n|-damage|p2a: Rotom|0 fnt\n|faint|p2a: Rotom\n|\n|upkeep\n|c|☆liviifailure|gg\n|\n|t:|1760818329\n|switch|p2a: Dragalge-Prime|Dragalge-Prime, M|2/100\n|turn|28\n|c|☆Swagboi21_W|gg\n|\n|t:|1760818339\n|move|p1a: Blastoise-Prime|Freeze-Dry|p2a: Dragalge-Prime\n|-supereffective|p2a: Dragalge-Prime\n|-damage|p2a: Dragalge-Prime|0 fnt\n|faint|p2a: Dragalge-Prime\n|\n|win|Swagboi21_W\n|l|☆Swagboi21_W\n|player|p1|\n|j|☆Swagboi21_W\n|player|p1|Swagboi21_W|265|\n","players":["Swagboi21_W","liviifailure"],"format":"[Gen 9] NatDex Draft","rating":null,"private":0,"password":null,"inputlog":">version 266cd7969f11373d44307dd452d2e51e08c39070\n>start {\"formatid\":\"gen9natdexdraft@@@Tera Type Preview\",\"seed\":\"sodium,8a874896f890b9d0c02f6de4bd81bb98\"}\n>player p1 {\"name\":\"Swagboi21_W\",\"avatar\":\"265\",\"team\":\"Blastoise-Prime||ExpertBelt|DauntlessShield|ShellSmash,OriginPulse,FreezeDry,ArmorCannon|Modest|,,,252,4,252|F|,0,,,,|||,,,,,Water]Blacephalon||FocusSash|BeastBoost|CalmMind,ShadowBall,Flamethrower,Psychic|Timid|232,,4,20,,252|N|,0,,,,|||,,,,,Fire]Breloom-Prime||FocusSash|Technician|SappySeed,StormThrow,SwordsDance,AerialAce|Jolly|,252,,,4,252|M||||,,,,,Grass]Sandy Shocks||BoosterEnergy|Protosynthesis|ThunderWave,Thunderbolt,EarthPower,PowerGem|Timid|,,,252,4,252|N|,0,,,,|||,,,,,Electric]Araquanid||MysticWater|WaterBubble|StickyWeb,Lunge,Liquidation,MirrorCoat|Adamant|248,252,,,8,|F||||,,,,,Water]Iron Crown||BoosterEnergy|QuarkDrive|TachyonCutter,Psychic,CalmMind,TeraBlast|Timid|,,,172,84,252|N||||,Fighting,,,,Fighting\",\"rating\":0}\n>player p2 {\"name\":\"liviifailure\",\"avatar\":\"iris-gen5bw2\",\"team\":\"Dragalge-Prime||AssaultVest|Adaptability|SludgeBomb,CoreEnforcer,Thunderbolt,FlipTurn|Quiet|248,,,252,8,|M||||,,,,,Stellar]Brambleghast-Prime||FocusSash|WindRider|Tailwind,FlowerTrick,Poltergeist,StrengthSap|Adamant|48,252,,,4,204|F||||,,,,,Stellar]Rotom|RotomWash|Leftovers|Levitate|VoltSwitch,HydroPump,Reflect,Thunderbolt|Modest|252,,,252,4,|N|,0,,,,|||,,,,,Stellar]Terapagos||HeavyDutyBoots|TeraShift|RapidSpin,TeraStarstorm,EarthPower,StealthRock|Modest|24,,,252,,232|M||||,Dark,,,,Stellar]Iron Bundle||FocusSash|QuarkDrive|HydroPump,FreezeDry,Encore,Taunt|Timid|48,,,252,,208|N|,0,,,,|||,,,,,Stellar]Hattrem||Eviolite|MagicBounce|DrainingKiss,TrickRoom,MysticalFire,HealingWish|Sassy|252,,4,,252,|F|,0,,,,|S||,,,,,Fairy\",\"rating\":0}\n>chat ☆liviifailure|glhf\n>chat ☆Swagboi21_W|glhf\n>p1 team 5, 2, 3, 4, 1, 6\n>p2 team 5, 2, 3, 4, 1, 6\n>p1 move lunge\n>p2 move taunt\n>p1 switch 6\n>p2 move freezedry\n>p1 move calmmind\n>p2 switch 6\n>p1 move tachyoncutter\n>p2 move mysticalfire\n>p1 move calmmind\n>p2 move trickroom\n>p1 move calmmind\n>p2 move mysticalfire\n>p1 move calmmind\n>p2 move mysticalfire\n>p1 move calmmind\n>p2 move mysticalfire\n>p1 move calmmind\n>p2 move mysticalfire\n>p1 move tachyoncutter\n>p2 move trickroom\n>p1 move tachyoncutter\n>p2 move mysticalfire\n>p2 switch 5\n>p1 move psychic\n>p2 move flipturn\n>p2 switch 4\n>p1 switch 3\n>p1 move sappyseed\n>p2 move terastarstorm\n>p1 switch 2\n>p2 move earthpower\n>p1 switch 6\n>p2 move earthpower\n>p1 move mirrorcoat\n>p2 move stealthrock\n>p1 move lunge\n>p2 move rapidspin\n>p2 switch 4\n>p1 move mirrorcoat\n>p2 move thunderbolt\n>p1 switch 4\n>p2 move thunderbolt\n>p1 move thunderbolt\n>p2 move flipturn\n>p2 switch 6\n>p1 move thunderbolt\n>p2 move hydropump\n>p1 switch 6\n>p1 move calmmind\n>p2 move freezedry\n>p1 switch 5\n>p1 move shellsmash\n>p2 move freezedry\n>p1 move freezedry\n>p2 move freezedry\n>p2 switch 2\n>p1 move freezedry\n>p2 move flowertrick\n>p1 move freezedry\n>p2 move flowertrick\n>p2 switch 3\n>p1 move freezedry\n>p2 move voltswitch\n>chat ☆liviifailure|gg\n>p2 switch 6\n>chat ☆Swagboi21_W|gg\n>p1 move freezedry\n>p2 move coreenforcer","uploadtime":1760818380}