{"id":"gen9natdexdraft-65","log":"|j|☆Drew0723\n|j|☆gyrejcnsakd\n|t:|1760306359\n|gametype|singles\n|player|p1|Drew0723|170|\n|player|p2|gyrejcnsakd|2|\n|gen|9\n|tier|[Gen 9] NatDex Draft\n|rule|Tera Type Preview: Tera Types are shown at Team Preview\n|rule|Sleep Clause Mod: Limit one foe put to sleep\n|rule|OHKO Clause: OHKO moves are banned\n|rule|Evasion Clause: Evasion abilities, items, and moves are banned\n|rule|Evasion Abilities Clause: Evasion abilities are banned\n|rule|Evasion Items Clause: Evasion items are banned\n|rule|Evasion Moves Clause: Evasion moves are banned\n|rule|Endless Battle Clause: Forcing endless battles is banned\n|rule|HP Percentage Mod: HP is shown in percentages\n|raw|<div class=\"infobox\"><details class=\"readmore\" open><summary><strong>1 custom rule:</strong></summary> Tera Type Preview</details></div>\n|clearpoke\n|poke|p1|Scream Tail-Prime|\n|poke|p1|Tornadus-Therian, M|\n|poke|p1|Great Tusk|\n|poke|p1|Iron Moth|\n|poke|p1|Orthworm, F|\n|poke|p1|Alomomola, M|\n|poke|p2|Blaziken-Prime, F|\n|poke|p2|Venusaur-Prime, M|\n|poke|p2|Ninetales, M|\n|poke|p2|Garganacl, M|\n|poke|p2|Walking Wake|\n|poke|p2|Exeggutor, F|\n|raw|Drew0723's Tera Types:<br /><psicon pokemon=\"screamtailprime\" /><psicon type=\"Fairy\" /> / <psicon pokemon=\"tornadustherian\" /><psicon type=\"Dragon\" /> / <psicon pokemon=\"greattusk\" /><psicon type=\"Ground\" /> / <psicon pokemon=\"ironmoth\" /><psicon type=\"Fire\" /> / <psicon pokemon=\"orthworm\" /><psicon type=\"Steel\" /> / <psicon pokemon=\"alomomola\" /><psicon type=\"Water\" />\n|raw|gyrejcnsakd's Tera Types:<br /><psicon pokemon=\"blazikenprime\" /><psicon type=\"Fire\" /> / <psicon pokemon=\"venusaurprime\" /><psicon type=\"Grass\" /> / <psicon pokemon=\"ninetales\" /><psicon type=\"Fire\" /> / <psicon pokemon=\"garganacl\" /><psicon type=\"Ghost\" /> / <psicon pokemon=\"walkingwake\" /><psicon type=\"Water\" /> / <psicon pokemon=\"exeggutor\" /><psicon type=\"Grass\" />\n|teampreview\n|c|☆gyrejcnsakd|glhf :)\n|c|☆Drew0723|Good luck, have fun!\n|l|☆Drew0723\n|player|p1|\n|j|☆Drew0723\n|player|p1|Drew0723|170|\n|c|☆Drew0723|Sorry about that \n|c|☆Drew0723|Bad signal \n|j| 6mozuke9\n|c| 6mozuke9|GL!!!\n|\n|t:|1760306508\n|teamsize|p1|6\n|teamsize|p2|6\n|start\n|switch|p1a: Orthworm|Orthworm, F|100/100\n|switch|p2a: Ninetales|Ninetales, M|100/100\n|-weather|SunnyDay|[from] ability: Drought|[of] p2a: Ninetales\n|turn|1\n|\n|t:|1760306517\n|move|p2a: Ninetales|Flamethrower|p1a: Orthworm\n|-supereffective|p1a: Orthworm\n|-crit|p1a: Orthworm\n|-enditem|p1a: Orthworm|Focus Sash\n|-damage|p1a: Orthworm|1/100\n|move|p1a: Orthworm|Stealth Rock|p2a: Ninetales\n|-sidestart|p2: gyrejcnsakd|move: Stealth Rock\n|\n|-weather|SunnyDay|[upkeep]\n|upkeep\n|turn|2\n|\n|t:|1760306542\n|move|p2a: Ninetales|Flamethrower|p1a: Orthworm\n|-supereffective|p1a: Orthworm\n|-damage|p1a: Orthworm|0 fnt\n|faint|p1a: Orthworm\n|\n|-weather|SunnyDay|[upkeep]\n|upkeep\n|\n|t:|1760306545\n|switch|p1a: Tornadus|Tornadus-Therian, M|100/100\n|turn|3\n|\n|t:|1760306567\n|-terastallize|p1a: Tornadus|Dragon\n|move|p1a: Tornadus|Rain Dance|p1a: Tornadus\n|-weather|RainDance\n|move|p2a: Ninetales|Flamethrower|p1a: Tornadus\n|-resisted|p1a: Tornadus\n|-damage|p1a: Tornadus|94/100\n|\n|-weather|RainDance|[upkeep]\n|upkeep\n|turn|4\n|\n|t:|1760306583\n|switch|p2a: Walking Wake|Walking Wake|100/100\n|-damage|p2a: Walking Wake|88/100|[from] Stealth Rock\n|-enditem|p2a: Walking Wake|Booster Energy\n|-activate|p2a: Walking Wake|ability: Protosynthesis|[fromitem]\n|-start|p2a: Walking Wake|protosynthesisspe\n|move|p1a: Tornadus|Weather Ball|p2a: Walking Wake\n|-resisted|p2a: Walking Wake\n|-damage|p2a: Walking Wake|77/100\n|\n|-weather|RainDance|[upkeep]\n|upkeep\n|turn|5\n|\n|t:|1760306598\n|move|p2a: Walking Wake|Knock Off|p1a: Tornadus\n|-crit|p1a: Tornadus\n|-damage|p1a: Tornadus|66/100\n|-enditem|p1a: Tornadus|Heavy-Duty Boots|[from] move: Knock Off|[of] p2a: Walking Wake\n|move|p1a: Tornadus|Bleakwind Storm|p2a: Walking Wake\n|-damage|p2a: Walking Wake|33/100\n|\n|-weather|RainDance|[upkeep]\n|upkeep\n|turn|6\n|\n|t:|1760306644\n|switch|p1a: Scream Tail-Prime|Scream Tail-Prime|100/100\n|move|p2a: Walking Wake|Draco Meteor|p1a: Scream Tail-Prime\n|-immune|p1a: Scream Tail-Prime\n|\n|-weather|RainDance|[upkeep]\n|upkeep\n|turn|7\n|\n|t:|1760306681\n|move|p2a: Walking Wake|Knock Off|p1a: Scream Tail-Prime\n|-damage|p1a: Scream Tail-Prime|92/100\n|-enditem|p1a: Scream Tail-Prime|Covert Cloak|[from] move: Knock Off|[of] p2a: Walking Wake\n|move|p1a: Scream Tail-Prime|Sparkly Swirl|p2a: Walking Wake\n|-supereffective|p2a: Walking Wake\n|-damage|p2a: Walking Wake|0 fnt\n|-activate|p1a: Scream Tail-Prime|move: Aromatherapy\n|faint|p2a: Walking Wake\n|-end|p2a: Walking Wake|Protosynthesis|[silent]\n|\n|-weather|none\n|upkeep\n|\n|t:|1760306701\n|switch|p2a: Exeggutor|Exeggutor, F|100/100\n|-damage|p2a: Exeggutor|88/100|[from] Stealth Rock\n|turn|8\n|\n|t:|1760306715\n|switch|p1a: Tornadus|Tornadus-Therian, M, tera:Dragon|99/100\n|move|p2a: Exeggutor|Worry Seed|p1a: Tornadus\n|-ability|p1a: Tornadus|Insomnia|Regenerator|[from] move: Worry Seed\n|\n|upkeep\n|turn|9\n|\n|t:|1760306725\n|move|p1a: Tornadus|U-turn|p2a: Exeggutor\n|-supereffective|p2a: Exeggutor\n|-damage|p2a: Exeggutor|46/100\n|-enditem|p2a: Exeggutor|Sitrus Berry|[eat]\n|-heal|p2a: Exeggutor|71/100|[from] item: Sitrus Berry\n|\n|t:|1760306754\n|switch|p1a: Scream Tail-Prime|Scream Tail-Prime|92/100|[from] U-turn\n|move|p2a: Exeggutor|Calm Mind|p2a: Exeggutor\n|-boost|p2a: Exeggutor|spa|1\n|-boost|p2a: Exeggutor|spd|1\n|\n|-item|p2a: Exeggutor|Sitrus Berry|[from] ability: Harvest\n|upkeep\n|turn|10\n|\n|t:|1760306766\n|move|p1a: Scream Tail-Prime|Torch Song|p2a: Exeggutor\n|-supereffective|p2a: Exeggutor\n|-damage|p2a: Exeggutor|36/100\n|-boost|p1a: Scream Tail-Prime|spa|1\n|-enditem|p2a: Exeggutor|Sitrus Berry|[eat]\n|-heal|p2a: Exeggutor|61/100|[from] item: Sitrus Berry\n|move|p2a: Exeggutor|Giga Drain|p1a: Scream Tail-Prime\n|-damage|p1a: Scream Tail-Prime|73/100\n|-heal|p2a: Exeggutor|73/100|[from] drain|[of] p1a: Scream Tail-Prime\n|\n|-item|p2a: Exeggutor|Sitrus Berry|[from] ability: Harvest\n|upkeep\n|turn|11\n|\n|t:|1760306797\n|move|p1a: Scream Tail-Prime|Torch Song|p2a: Exeggutor\n|-supereffective|p2a: Exeggutor\n|-damage|p2a: Exeggutor|20/100\n|-boost|p1a: Scream Tail-Prime|spa|1\n|-enditem|p2a: Exeggutor|Sitrus Berry|[eat]\n|-heal|p2a: Exeggutor|45/100|[from] item: Sitrus Berry\n|move|p2a: Exeggutor|Worry Seed|p1a: Scream Tail-Prime\n|-ability|p1a: Scream Tail-Prime|Insomnia|Unaware|[from] move: Worry Seed\n|\n|upkeep\n|turn|12\n|\n|t:|1760306818\n|move|p2a: Exeggutor|Protect|p2a: Exeggutor\n|-singleturn|p2a: Exeggutor|Protect\n|move|p1a: Scream Tail-Prime|Torch Song|p2a: Exeggutor\n|-activate|p2a: Exeggutor|move: Protect\n|\n|upkeep\n|turn|13\n|\n|t:|1760306833\n|move|p1a: Scream Tail-Prime|Torch Song|p2a: Exeggutor\n|-supereffective|p2a: Exeggutor\n|-damage|p2a: Exeggutor|0 fnt\n|-boost|p1a: Scream Tail-Prime|spa|1\n|faint|p2a: Exeggutor\n|\n|upkeep\n|\n|t:|1760306853\n|switch|p2a: Ninetales|Ninetales, M|100/100\n|-damage|p2a: Ninetales|76/100|[from] Stealth Rock\n|-weather|SunnyDay|[from] ability: Drought|[of] p2a: Ninetales\n|turn|14\n|\n|t:|1760306864\n|move|p2a: Ninetales|Flamethrower|p1a: Scream Tail-Prime\n|-damage|p1a: Scream Tail-Prime|53/100\n|move|p1a: Scream Tail-Prime|Calm Mind|p1a: Scream Tail-Prime\n|-boost|p1a: Scream Tail-Prime|spa|1\n|-boost|p1a: Scream Tail-Prime|spd|1\n|\n|-weather|SunnyDay|[upkeep]\n|upkeep\n|turn|15\n|\n|t:|1760306875\n|move|p2a: Ninetales|Will-O-Wisp|p1a: Scream Tail-Prime\n|-status|p1a: Scream Tail-Prime|brn\n|move|p1a: Scream Tail-Prime|Moonlight|p1a: Scream Tail-Prime\n|-heal|p1a: Scream Tail-Prime|100/100 brn\n|\n|-weather|SunnyDay|[upkeep]\n|-damage|p1a: Scream Tail-Prime|94/100 brn|[from] brn\n|upkeep\n|turn|16\n|\n|t:|1760306896\n|move|p2a: Ninetales|Confuse Ray|p1a: Scream Tail-Prime\n|-start|p1a: Scream Tail-Prime|confusion\n|-activate|p1a: Scream Tail-Prime|confusion\n|move|p1a: Scream Tail-Prime|Calm Mind|p1a: Scream Tail-Prime\n|-boost|p1a: Scream Tail-Prime|spa|1\n|-boost|p1a: Scream Tail-Prime|spd|1\n|\n|-weather|SunnyDay|[upkeep]\n|-damage|p1a: Scream Tail-Prime|88/100 brn|[from] brn\n|upkeep\n|turn|17\n|\n|t:|1760306914\n|move|p2a: Ninetales|Flamethrower|p1a: Scream Tail-Prime\n|-damage|p1a: Scream Tail-Prime|77/100 brn\n|-activate|p1a: Scream Tail-Prime|confusion\n|-damage|p1a: Scream Tail-Prime|74/100 brn|[from] confusion\n|\n|-weather|SunnyDay|[upkeep]\n|-damage|p1a: Scream Tail-Prime|68/100 brn|[from] brn\n|upkeep\n|turn|18\n|\n|t:|1760306925\n|move|p2a: Ninetales|Flamethrower|p1a: Scream Tail-Prime\n|-damage|p1a: Scream Tail-Prime|58/100 brn\n|-activate|p1a: Scream Tail-Prime|confusion\n|-damage|p1a: Scream Tail-Prime|54/100 brn|[from] confusion\n|\n|-weather|SunnyDay|[upkeep]\n|-damage|p1a: Scream Tail-Prime|48/100 brn|[from] brn\n|upkeep\n|turn|19\n|\n|t:|1760306934\n|move|p2a: Ninetales|Flamethrower|p1a: Scream Tail-Prime\n|-crit|p1a: Scream Tail-Prime\n|-damage|p1a: Scream Tail-Prime|13/100 brn\n|-end|p1a: Scream Tail-Prime|confusion\n|move|p1a: Scream Tail-Prime|Moonlight|p1a: Scream Tail-Prime\n|-heal|p1a: Scream Tail-Prime|79/100 brn\n|\n|-weather|SunnyDay|[upkeep]\n|-damage|p1a: Scream Tail-Prime|73/100 brn|[from] brn\n|upkeep\n|turn|20\n|\n|t:|1760306948\n|move|p2a: Ninetales|Confuse Ray|p1a: Scream Tail-Prime\n|-start|p1a: Scream Tail-Prime|confusion\n|-activate|p1a: Scream Tail-Prime|confusion\n|move|p1a: Scream Tail-Prime|Calm Mind|p1a: Scream Tail-Prime\n|-boost|p1a: Scream Tail-Prime|spa|1\n|-boost|p1a: Scream Tail-Prime|spd|1\n|\n|-weather|SunnyDay|[upkeep]\n|-damage|p1a: Scream Tail-Prime|67/100 brn|[from] brn\n|upkeep\n|turn|21\n|\n|t:|1760306963\n|switch|p2a: Garganacl|Garganacl, M|100/100\n|-damage|p2a: Garganacl|88/100|[from] Stealth Rock\n|-activate|p1a: Scream Tail-Prime|confusion\n|move|p1a: Scream Tail-Prime|Moonlight|p1a: Scream Tail-Prime\n|-heal|p1a: Scream Tail-Prime|100/100 brn\n|\n|-weather|none\n|-heal|p2a: Garganacl|94/100|[from] item: Leftovers\n|-damage|p1a: Scream Tail-Prime|94/100 brn|[from] brn\n|upkeep\n|turn|22\n|\n|t:|1760306985\n|-activate|p1a: Scream Tail-Prime|confusion\n|-damage|p1a: Scream Tail-Prime|92/100 brn|[from] confusion\n|move|p2a: Garganacl|Salt Cure|p1a: Scream Tail-Prime\n|-damage|p1a: Scream Tail-Prime|85/100 brn\n|-start|p1a: Scream Tail-Prime|Salt Cure\n|\n|-heal|p2a: Garganacl|100/100|[from] item: Leftovers\n|-damage|p1a: Scream Tail-Prime|79/100 brn|[from] brn\n|-damage|p1a: Scream Tail-Prime|67/100 brn|[from] Salt Cure\n|upkeep\n|turn|23\n|\n|t:|1760306998\n|-activate|p1a: Scream Tail-Prime|confusion\n|move|p1a: Scream Tail-Prime|Sparkly Swirl|p2a: Garganacl\n|-damage|p2a: Garganacl|5/100\n|-activate|p1a: Scream Tail-Prime|move: Aromatherapy\n|-curestatus|p1a: Scream Tail-Prime|brn|[msg]\n|move|p2a: Garganacl|Stealth Rock|p1a: Scream Tail-Prime\n|-sidestart|p1: Drew0723|move: Stealth Rock\n|\n|-heal|p2a: Garganacl|12/100|[from] item: Leftovers\n|-damage|p1a: Scream Tail-Prime|54/100|[from] Salt Cure\n|upkeep\n|turn|24\n|\n|t:|1760307010\n|switch|p2a: Ninetales|Ninetales, M|76/100\n|-damage|p2a: Ninetales|51/100|[from] Stealth Rock\n|-weather|SunnyDay|[from] ability: Drought|[of] p2a: Ninetales\n|-end|p1a: Scream Tail-Prime|confusion\n|move|p1a: Scream Tail-Prime|Moonlight|p1a: Scream Tail-Prime\n|-heal|p1a: Scream Tail-Prime|100/100\n|\n|-weather|SunnyDay|[upkeep]\n|-damage|p1a: Scream Tail-Prime|88/100|[from] Salt Cure\n|upkeep\n|turn|25\n|\n|t:|1760307021\n|move|p2a: Ninetales|Confuse Ray|p1a: Scream Tail-Prime\n|-start|p1a: Scream Tail-Prime|confusion\n|-activate|p1a: Scream Tail-Prime|confusion\n|move|p1a: Scream Tail-Prime|Sparkly Swirl|p2a: Ninetales\n|-resisted|p2a: Ninetales\n|-damage|p2a: Ninetales|0 fnt\n|-activate|p1a: Scream Tail-Prime|move: Aromatherapy\n|faint|p2a: Ninetales\n|\n|-weather|SunnyDay|[upkeep]\n|-damage|p1a: Scream Tail-Prime|76/100|[from] Salt Cure\n|upkeep\n|\n|t:|1760307031\n|switch|p2a: Blaziken-Prime|Blaziken-Prime, F|100/100\n|-damage|p2a: Blaziken-Prime|88/100|[from] Stealth Rock\n|turn|26\n|\n|t:|1760307039\n|move|p2a: Blaziken-Prime|Flare Blitz|p1a: Scream Tail-Prime\n|-damage|p1a: Scream Tail-Prime|28/100\n|-damage|p2a: Blaziken-Prime|66/100|[from] Recoil\n|-activate|p1a: Scream Tail-Prime|confusion\n|move|p1a: Scream Tail-Prime|Sparkly Swirl|p2a: Blaziken-Prime\n|-damage|p2a: Blaziken-Prime|0 fnt\n|-activate|p1a: Scream Tail-Prime|move: Aromatherapy\n|faint|p2a: Blaziken-Prime\n|\n|-weather|SunnyDay|[upkeep]\n|-damage|p1a: Scream Tail-Prime|16/100|[from] Salt Cure\n|upkeep\n|\n|t:|1760307050\n|switch|p2a: Venusaur-Prime|Venusaur-Prime, M|100/100\n|-damage|p2a: Venusaur-Prime|88/100|[from] Stealth Rock\n|turn|27\n|\n|t:|1760307110\n|move|p2a: Venusaur-Prime|Giga Drain|p1a: Scream Tail-Prime\n|-damage|p1a: Scream Tail-Prime|8/100\n|-heal|p2a: Venusaur-Prime|94/100|[from] drain|[of] p1a: Scream Tail-Prime\n|-end|p1a: Scream Tail-Prime|confusion\n|move|p1a: Scream Tail-Prime|Moonlight|p1a: Scream Tail-Prime\n|-heal|p1a: Scream Tail-Prime|74/100\n|\n|-weather|SunnyDay|[upkeep]\n|-heal|p2a: Venusaur-Prime|99/100|[from] item: Leftovers\n|-damage|p1a: Scream Tail-Prime|62/100|[from] Salt Cure\n|upkeep\n|turn|28\n|c|☆gyrejcnsakd|welp, I'm boned lol gg\n|\n|t:|1760307134\n|move|p2a: Venusaur-Prime|Leech Seed|p1a: Scream Tail-Prime\n|-start|p1a: Scream Tail-Prime|move: Leech Seed\n|move|p1a: Scream Tail-Prime|Torch Song|p2a: Venusaur-Prime\n|-supereffective|p2a: Venusaur-Prime\n|-damage|p2a: Venusaur-Prime|0 fnt\n|faint|p2a: Venusaur-Prime\n|\n|-weather|SunnyDay|[upkeep]\n|-damage|p1a: Scream Tail-Prime|49/100|[from] Salt Cure\n|upkeep\n|\n|t:|1760307142\n|switch|p2a: Garganacl|Garganacl, M|12/100\n|-damage|p2a: Garganacl|0 fnt|[from] Stealth Rock\n|faint|p2a: Garganacl\n|\n|win|Drew0723\n|c|☆Drew0723|GG\n","players":["Drew0723","gyrejcnsakd"],"format":"[Gen 9] NatDex Draft","rating":null,"private":0,"password":null,"inputlog":">version c5f06566d1a0a24bc6fa6bc2146fd951ef712f76\n>start {\"formatid\":\"gen9natdexdraft@@@Tera Type Preview\",\"seed\":\"sodium,960766e0312f0004b2e72224a1cec479\"}\n>player p1 {\"name\":\"Drew0723\",\"avatar\":\"170\",\"team\":\"Scream Tail-Prime||CovertCloak|Unaware|CalmMind,SparklySwirl,TorchSong,Moonlight|Bold|248,,252,,8,|N|,0,,,,|||,,,,,Fairy]Tornadus|TornadusTherian|HeavyDutyBoots|Regenerator|BleakwindStorm,WeatherBall,RainDance,Uturn|Timid|248,,,92,,168|M||||,,,,,Dragon]Great Tusk||Leftovers|Protosynthesis|HeadlongRush,IceSpinner,BulkUp,RapidSpin|Jolly|4,252,,,,252|N||||,Fighting,,,,Ground]Iron Moth||HeavyDutyBoots|QuarkDrive|FieryDance,SludgeWave,EnergyBall,MorningSun|Timid|,,4,252,,252|N|,0,,,,|||,,,,,Fire]Orthworm||FocusSash|EarthEater|BodyPress,Sandstorm,StealthRock,Spikes|Bold|80,,252,,,176|F|,0,,,,|||,,,,,Steel]Alomomola||WacanBerry|Regenerator|Toxic,Wish,Protect,FlipTurn|Impish|252,,252,,4,|M||||,,,,,Water\",\"rating\":0}\n>player p2 {\"name\":\"gyrejcnsakd\",\"avatar\":\"2\",\"team\":\"Blaziken-Prime||Leftovers|SpeedBoost|FlareBlitz,Protect,Earthquake,CloseCombat|Jolly|,252,4,,,252|F||||,,,,,Fire]Venusaur-Prime||Leftovers|Chlorophyll|WorrySeed,LeechSeed,GigaDrain,KnockOff|Timid|4,,,252,,252|M||||,,,,,Grass]Ninetales||HeatRock|Drought|Flamethrower,ConfuseRay,Psyshock,WillOWisp|Timid|136,,200,,28,144|M|,0,,,,|||,,,,,Fire]Garganacl||Leftovers|PurifyingSalt|Curse,SaltCure,StealthRock,Recover|Sassy|252,,16,,240,|M||||,,,,,Ghost]Walking Wake||BoosterEnergy|Protosynthesis|DracoMeteor,Flamethrower,HydroSteam,KnockOff|Timid|,,,244,12,252|N||||,,,,,Water]Exeggutor||SitrusBerry|Harvest|WorrySeed,CalmMind,GigaDrain,Protect|Bold|252,,252,4,,|F|,0,,,,|||,,,,,Grass\",\"rating\":0}\n>chat ☆gyrejcnsakd|glhf :)\n>chat ☆Drew0723|Good luck, have fun!\n>chat ☆Drew0723|Sorry about that \n>chat ☆Drew0723|Bad signal \n>chat  6mozuke9|GL!!!\n>p1 team 5, 2, 3, 4, 1, 6\n>p2 team 3, 2, 1, 4, 5, 6\n>p1 move stealthrock\n>p2 move flamethrower\n>p1 move spikes\n>p2 move flamethrower\n>p1 switch 2\n>p1 move raindance terastallize\n>p2 move flamethrower\n>p1 move weatherball\n>p2 switch 5\n>p1 move bleakwindstorm\n>p2 move knockoff\n>p1 switch 5\n>p2 move dracometeor\n>p1 move sparklyswirl\n>p2 move knockoff\n>p2 switch 6\n>p1 switch 5\n>p2 move worryseed\n>p1 move uturn\n>p2 move calmmind\n>p1 switch 5\n>p1 move torchsong\n>p2 move gigadrain\n>p1 move torchsong\n>p2 move worryseed\n>p1 move torchsong\n>p2 move protect\n>p1 move torchsong\n>p2 move gigadrain\n>p2 switch 5\n>p1 move calmmind\n>p2 move flamethrower\n>p1 move moonlight\n>p2 move willowisp\n>p1 move calmmind\n>p2 move confuseray\n>p1 move calmmind\n>p2 move flamethrower\n>p1 move calmmind\n>p2 move flamethrower\n>p1 move moonlight\n>p2 move flamethrower\n>p1 move calmmind\n>p2 move confuseray\n>p1 move moonlight\n>p2 switch 4\n>p1 move sparklyswirl\n>p2 move saltcure\n>p1 move sparklyswirl\n>p2 move stealthrock\n>p1 move moonlight\n>p2 switch 4\n>p1 move sparklyswirl\n>p2 move confuseray\n>p2 switch 3\n>p1 move sparklyswirl\n>p2 move flareblitz\n>p2 switch 2\n>p1 move moonlight\n>p2 move gigadrain\n>chat ☆gyrejcnsakd|welp, I'm boned lol gg\n>p1 move torchsong\n>p2 move leechseed\n>p2 switch 4","uploadtime":1760307152}