{"id":"gen9natdexdraft-205","log":"|badge|p1|silver|gen9ubers|30-2\n|uhtml|medal-msg|<div class=\"broadcast-blue\">Curious what those medals under the avatar are? PS now has Ladder Seasons! For more information, check out the <a href=\"https://www.smogon.com/forums/threads/3740067/\">thread on Smogon.</a></div>\n|j|☆Celeste\n|j|☆bajram1892\n|t:|1762108631\n|gametype|singles\n|player|p1|Celeste|lisia|\n|player|p2|bajram1892|169|\n|gen|9\n|tier|[Gen 9] NatDex Draft\n|rule|Tera Type Preview: Tera Types are shown at Team Preview\n|rule|Sleep Clause Mod: Limit one foe put to sleep\n|rule|OHKO Clause: OHKO moves are banned\n|rule|Evasion Clause: Evasion abilities, items, and moves are banned\n|rule|Evasion Abilities Clause: Evasion abilities are banned\n|rule|Evasion Items Clause: Evasion items are banned\n|rule|Evasion Moves Clause: Evasion moves are banned\n|rule|Endless Battle Clause: Forcing endless battles is banned\n|rule|HP Percentage Mod: HP is shown in percentages\n|raw|<div class=\"infobox\"><details class=\"readmore\" open><summary><strong>1 custom rule:</strong></summary> Tera Type Preview</details></div>\n|clearpoke\n|poke|p1|Diamoneye, M|\n|poke|p1|Great Tusk|\n|poke|p1|Zarude|\n|poke|p1|Mesprit|\n|poke|p1|Aegislash, F|\n|poke|p1|Vaporeon, F|\n|poke|p2|Altaria-Hell, F|\n|poke|p2|Dashing Hammer, F|\n|poke|p2|Klekelord, M|\n|poke|p2|Rotom-Brass, F|\n|poke|p2|Gligar, F|\n|poke|p2|Drifblim-Hell, F|\n|raw|Celeste's Tera Types:<br /><psicon pokemon=\"diamoneye\" /><psicon type=\"Ghost\" /> / <psicon pokemon=\"greattusk\" /><psicon type=\"Ground\" /> / <psicon pokemon=\"zarude\" /><psicon type=\"Steel\" /> / <psicon pokemon=\"mesprit\" /><psicon type=\"Psychic\" /> / <psicon pokemon=\"aegislash\" /><psicon type=\"Fairy\" /> / <psicon pokemon=\"vaporeon\" /><psicon type=\"Water\" />\n|raw|bajram1892's Tera Types:<br /><psicon pokemon=\"altariahell\" /><psicon type=\"Fire\" /> / <psicon pokemon=\"dashinghammer\" /><psicon type=\"Grass\" /> / <psicon pokemon=\"klekelord\" /><psicon type=\"Normal\" /> / <psicon pokemon=\"rotombrass\" /><psicon type=\"Ghost\" /> / <psicon pokemon=\"gligar\" /><psicon type=\"Ground\" /> / <psicon pokemon=\"drifblimhell\" /><psicon type=\"Water\" />\n|teampreview\n|c|☆Celeste|glhf\n|c|☆bajram1892|glhf\n|\n|t:|1762108694\n|teamsize|p1|6\n|teamsize|p2|6\n|start\n|switch|p1a: Mesprit|Mesprit|100/100\n|switch|p2a: Gligar|Gligar, F|100/100\n|turn|1\n|\n|t:|1762108704\n|switch|p2a: Klekelord|Klekelord, M|100/100\n|move|p1a: Mesprit|Stealth Rock|p2a: Klekelord\n|-sidestart|p2: bajram1892|move: Stealth Rock\n|\n|upkeep\n|turn|2\n|\n|t:|1762108711\n|move|p2a: Klekelord|Swords Dance|p2a: Klekelord\n|-boost|p2a: Klekelord|atk|2\n|move|p1a: Mesprit|Thunder Wave|p2a: Klekelord\n|-status|p2a: Klekelord|par\n|\n|upkeep\n|turn|3\n|\n|t:|1762108718\n|move|p1a: Mesprit|U-turn|p2a: Klekelord\n|-damage|p2a: Klekelord|80/100 par\n|\n|t:|1762108720\n|switch|p1a: Vaporeon|Vaporeon, F|100/100|[from] U-turn\n|cant|p2a: Klekelord|par\n|\n|upkeep\n|turn|4\n|\n|t:|1762108728\n|move|p1a: Vaporeon|Wish|p1a: Vaporeon\n|move|p2a: Klekelord|Thunder Punch|p1a: Vaporeon\n|-start|p2a: Klekelord|typechange|Electric|[from] ability: Protean\n|-supereffective|p1a: Vaporeon\n|-damage|p1a: Vaporeon|0 fnt\n|-damage|p2a: Klekelord|63/100 par|[from] item: Rocky Helmet|[of] p1a: Vaporeon\n|faint|p1a: Vaporeon\n|\n|upkeep\n|\n|t:|1762108748\n|switch|p1a: Great Tusk|Great Tusk|100/100\n|turn|5\n|\n|t:|1762108758\n|switch|p2a: Rotom-Brass|Rotom-Brass, F|100/100\n|-damage|p2a: Rotom-Brass|94/100|[from] Stealth Rock\n|move|p1a: Great Tusk|Bulk Up|p1a: Great Tusk\n|-boost|p1a: Great Tusk|atk|1\n|-boost|p1a: Great Tusk|def|1\n|\n|upkeep\n|turn|6\n|\n|t:|1762108764\n|move|p1a: Great Tusk|Knock Off|p2a: Rotom-Brass\n|-supereffective|p2a: Rotom-Brass\n|-damage|p2a: Rotom-Brass|26/100\n|-enditem|p2a: Rotom-Brass|Lagging Tail|[from] move: Knock Off|[of] p1a: Great Tusk\n|move|p2a: Rotom-Brass|Trick|p1a: Great Tusk\n|-activate|p2a: Rotom-Brass|move: Trick|[of] p1a: Great Tusk\n|-enditem|p1a: Great Tusk|Heavy-Duty Boots|[silent]|[from] move: Trick\n|-item|p2a: Rotom-Brass|Heavy-Duty Boots|[from] move: Trick\n|\n|upkeep\n|turn|7\n|j| NottaDoc\n|\n|t:|1762108771\n|move|p1a: Great Tusk|Knock Off|p2a: Rotom-Brass\n|-supereffective|p2a: Rotom-Brass\n|-damage|p2a: Rotom-Brass|0 fnt\n|-enditem|p2a: Rotom-Brass|Heavy-Duty Boots|[from] move: Knock Off|[of] p1a: Great Tusk\n|faint|p2a: Rotom-Brass\n|\n|upkeep\n|\n|t:|1762108780\n|switch|p2a: Dashing Hammer|Dashing Hammer, F, shiny|100/100\n|-damage|p2a: Dashing Hammer|88/100|[from] Stealth Rock\n|-enditem|p2a: Dashing Hammer|Booster Energy\n|-activate|p2a: Dashing Hammer|ability: Protosynthesis|[fromitem]\n|-start|p2a: Dashing Hammer|protosynthesisspe\n|turn|8\n|\n|t:|1762108788\n|-terastallize|p2a: Dashing Hammer|Grass\n|move|p2a: Dashing Hammer|Tera Blast|p1a: Great Tusk|[anim] Tera Blast Grass\n|-supereffective|p1a: Great Tusk\n|-damage|p1a: Great Tusk|64/100\n|move|p1a: Great Tusk|Rapid Spin|p2a: Dashing Hammer\n|-damage|p2a: Dashing Hammer|67/100\n|-boost|p1a: Great Tusk|spe|1\n|\n|upkeep\n|turn|9\n|\n|t:|1762108805\n|move|p2a: Dashing Hammer|Tera Blast|p1a: Great Tusk|[anim] Tera Blast Grass\n|-supereffective|p1a: Great Tusk\n|-damage|p1a: Great Tusk|28/100\n|move|p1a: Great Tusk|Rapid Spin|p2a: Dashing Hammer\n|-damage|p2a: Dashing Hammer|46/100\n|-boost|p1a: Great Tusk|spe|1\n|\n|upkeep\n|turn|10\n|\n|t:|1762108826\n|move|p1a: Great Tusk|Bulk Up|p1a: Great Tusk\n|-boost|p1a: Great Tusk|atk|1\n|-boost|p1a: Great Tusk|def|1\n|move|p2a: Dashing Hammer|Tera Blast|p1a: Great Tusk|[anim] Tera Blast Grass\n|-supereffective|p1a: Great Tusk\n|-damage|p1a: Great Tusk|3/100\n|\n|upkeep\n|turn|11\n|\n|t:|1762108830\n|move|p1a: Great Tusk|Headlong Rush|p2a: Dashing Hammer\n|-resisted|p2a: Dashing Hammer\n|-damage|p2a: Dashing Hammer|0 fnt\n|-unboost|p1a: Great Tusk|def|1\n|-unboost|p1a: Great Tusk|spd|1\n|faint|p2a: Dashing Hammer\n|-end|p2a: Dashing Hammer|Protosynthesis|[silent]\n|\n|upkeep\n|\n|t:|1762108833\n|switch|p2a: Gligar|Gligar, F|100/100\n|-damage|p2a: Gligar|88/100|[from] Stealth Rock\n|turn|12\n|\n|t:|1762108835\n|move|p1a: Great Tusk|Knock Off|p2a: Gligar\n|-damage|p2a: Gligar|60/100\n|-enditem|p2a: Gligar|Eviolite|[from] move: Knock Off|[of] p1a: Great Tusk\n|move|p2a: Gligar|Earthquake|p1a: Great Tusk\n|-damage|p1a: Great Tusk|0 fnt\n|faint|p1a: Great Tusk\n|-end|p1a: Great Tusk|Protosynthesis|[silent]\n|\n|upkeep\n|\n|t:|1762108849\n|switch|p1a: Zarude|Zarude|100/100\n|turn|13\n|\n|t:|1762108851\n|move|p1a: Zarude|Bulk Up|p1a: Zarude\n|-boost|p1a: Zarude|atk|1\n|-boost|p1a: Zarude|def|1\n|move|p2a: Gligar|U-turn|p1a: Zarude\n|-supereffective|p1a: Zarude\n|-damage|p1a: Zarude|71/100\n|\n|t:|1762108856\n|switch|p2a: Altaria-Hell|Altaria-Hell, F|100/100|[from] U-turn\n|-damage|p2a: Altaria-Hell|51/100|[from] Stealth Rock\n|\n|upkeep\n|turn|14\n|\n|t:|1762108866\n|detailschange|p2a: Altaria-Hell|Altaria-Hell-Mega, F\n|-mega|p2a: Altaria-Hell|Altaria-Hell|Altarite HELL\n|-terastallize|p1a: Zarude|Steel\n|move|p1a: Zarude|Trailblaze|p2a: Altaria-Hell\n|-resisted|p2a: Altaria-Hell\n|-damage|p2a: Altaria-Hell|26/100\n|-boost|p1a: Zarude|spe|1\n|move|p2a: Altaria-Hell|Dragon Dance|p2a: Altaria-Hell\n|-boost|p2a: Altaria-Hell|atk|1\n|-boost|p2a: Altaria-Hell|spe|1\n|\n|upkeep\n|turn|15\n|\n|t:|1762108871\n|move|p1a: Zarude|Tera Blast|p2a: Altaria-Hell|[anim] Tera Blast Steel\n|-damage|p2a: Altaria-Hell|0 fnt\n|faint|p2a: Altaria-Hell\n|detailschange|p2: Altaria-Hell|Altaria-Hell, F|[silent]\n|\n|upkeep\n|\n|t:|1762108875\n|switch|p2a: Klekelord|Klekelord, M|63/100 par\n|-damage|p2a: Klekelord|51/100 par|[from] Stealth Rock\n|turn|16\n|\n|t:|1762108878\n|move|p1a: Zarude|Tera Blast|p2a: Klekelord|[anim] Tera Blast Steel\n|-damage|p2a: Klekelord|0 fnt\n|faint|p2a: Klekelord\n|\n|upkeep\n|\n|t:|1762108883\n|switch|p2a: Drifblim-Hell|Drifblim-Hell, F|100/100\n|-damage|p2a: Drifblim-Hell|88/100|[from] Stealth Rock\n|turn|17\n|\n|t:|1762108886\n|move|p1a: Zarude|Trailblaze|p2a: Drifblim-Hell\n|-damage|p2a: Drifblim-Hell|53/100\n|-boost|p1a: Zarude|spe|1\n|move|p2a: Drifblim-Hell|Strength Sap|p1a: Zarude\n|-unboost|p1a: Zarude|atk|1\n|-heal|p2a: Drifblim-Hell|100/100\n|\n|upkeep\n|turn|18\n|\n|t:|1762108907\n|move|p1a: Zarude|Bulk Up|p1a: Zarude\n|-boost|p1a: Zarude|atk|1\n|-boost|p1a: Zarude|def|1\n|move|p2a: Drifblim-Hell|Calm Mind|p2a: Drifblim-Hell\n|-boost|p2a: Drifblim-Hell|spa|1\n|-boost|p2a: Drifblim-Hell|spd|1\n|\n|upkeep\n|turn|19\n|\n|t:|1762108916\n|switch|p1a: Mesprit|Mesprit|100/100\n|move|p2a: Drifblim-Hell|Strength Sap|p1a: Mesprit\n|-unboost|p1a: Mesprit|atk|1\n|\n|upkeep\n|turn|20\n|\n|t:|1762108925\n|switch|p2a: Gligar|Gligar, F|60/100\n|-damage|p2a: Gligar|47/100|[from] Stealth Rock\n|move|p1a: Mesprit|Thunder Wave|p2a: Gligar\n|-immune|p2a: Gligar\n|\n|upkeep\n|turn|21\n|\n|t:|1762108933\n|move|p2a: Gligar|Roost|p2a: Gligar\n|-heal|p2a: Gligar|97/100\n|-singleturn|p2a: Gligar|move: Roost\n|move|p1a: Mesprit|Healing Wish|p1a: Mesprit\n|faint|p1a: Mesprit\n|\n|upkeep\n|\n|t:|1762108942\n|switch|p1a: Diamoneye|Diamoneye, M|100/100\n|turn|22\n|\n|t:|1762108947\n|detailschange|p1a: Diamoneye|Diamoneye-Mega, M\n|-mega|p1a: Diamoneye|Diamoneye|Diamoneyite\n|-ability|p1a: Diamoneye|Unnerve\n|move|p1a: Diamoneye|Nasty Plot|p1a: Diamoneye\n|-boost|p1a: Diamoneye|spa|2\n|move|p2a: Gligar|Stealth Rock|p1a: Diamoneye\n|-sidestart|p1: Celeste|move: Stealth Rock\n|\n|upkeep\n|turn|23\n|\n|t:|1762108950\n|move|p1a: Diamoneye|Shadow Ball|p2a: Gligar\n|-damage|p2a: Gligar|0 fnt\n|faint|p2a: Gligar\n|\n|upkeep\n|\n|t:|1762108952\n|switch|p2a: Drifblim-Hell|Drifblim-Hell, F|100/100\n|-damage|p2a: Drifblim-Hell|88/100|[from] Stealth Rock\n|turn|24\n|\n|t:|1762108955\n|move|p1a: Diamoneye|Shadow Ball|p2a: Drifblim-Hell\n|-damage|p2a: Drifblim-Hell|0 fnt\n|faint|p2a: Drifblim-Hell\n|\n|win|Celeste\n|c|☆Celeste|ggs\n|c|☆bajram1892|gg\n|l|☆bajram1892\n|player|p2|\n|l| NottaDoc\n","players":["Celeste","bajram1892"],"format":"[Gen 9] NatDex Draft","rating":null,"private":0,"password":null,"inputlog":">version 2352b00944e7462b49311a255b814d2e23110915\n>start {\"formatid\":\"gen9natdexdraft@@@Tera Type Preview\",\"seed\":\"sodium,0b78fe213da979f7f5e2b2cfa05dae95\"}\n>player p1 {\"name\":\"Celeste\",\"avatar\":\"lisia\",\"team\":\"Diamoneye||Diamoneyite|Prankster|NastyPlot,Recover,ShadowBall,DazzlingGleam|Timid|,,,252,4,252|M|,0,,,,|||,,,,,Ghost]Great Tusk||HeavyDutyBoots|Protosynthesis|BulkUp,RapidSpin,HeadlongRush,KnockOff|Jolly|252,,,,4,252|N||||,Fighting,,,,Ground]Zarude||OccaBerry|LeafGuard|BulkUp,Trailblaze,TeraBlast,JungleHealing|Naughty|200,252,,,,56|N||||,,,,,Steel]Mesprit||ColburBerry|Levitate|ThunderWave,StealthRock,Uturn,HealingWish|Bold|252,,252,4,,|N||||,,,,,Psychic]Aegislash||Leftovers|StanceChange|KingsShield,Toxic,Substitute,ShadowBall|Bold|248,,252,8,,|F|,0,,,,|||,,,,,Fairy]Vaporeon||RockyHelmet|WaterAbsorb|Scald,Wish,Protect,Roar|Bold|248,,252,,8,|F|,0,,,,|||,,,,,Water\",\"rating\":0}\n>player p2 {\"name\":\"bajram1892\",\"avatar\":\"169\",\"team\":\"Altaria-Hell||AltariteHELL|NaturalCure|DragonDance,PlayRough,FlareBlitz,Roost|Adamant|16,252,,,,240|F||||,,,,,Fire]Dashing Hammer||BoosterEnergy|Protosynthesis|TeraBlast,HeadSmash,SwordsDance,Earthquake|Jolly|120,132,4,,,252|F||S||,,,,,Grass]Klekelord||SitrusBerry|Protean|SwordsDance,FirePunch,ThunderPunch,AquaTail|Adamant|160,252,4,,,92|M||||,,,,,Normal]Rotom-Brass||LaggingTail|Levitate|WillOWisp,PainSplit,ShadowBall,Trick|Bold|252,,252,,4,|F|,0,,,,|||,,,,,Ghost]Gligar||Eviolite|Immunity|Earthquake,Uturn,Roost,StealthRock|Impish|248,,252,,8,|F||||,,,,,Ground]Drifblim-Hell||MistySeed|Unburden|CalmMind,StrengthSap,SludgeBomb,Surf|Bold|,,252,,120,136|F|,0,,,,|||,,,,,Water\",\"rating\":0}\n>chat ☆Celeste|glhf\n>chat ☆bajram1892|glhf\n>p1 team 4, 2, 3, 1, 5, 6\n>p2 team 5, 2, 3, 4, 1, 6\n>p1 move stealthrock\n>p2 switch 3\n>p1 move thunderwave\n>p2 move swordsdance\n>p1 move uturn\n>p2 move aquatail\n>p1 switch 6\n>p1 move wish\n>p2 move thunderpunch\n>p1 switch 2\n>p1 move bulkup\n>p2 switch 4\n>p1 move knockoff\n>p2 move trick\n>p1 move knockoff\n>p2 move willowisp\n>p2 switch 2\n>p1 move rapidspin\n>p2 move terablast terastallize\n>p1 move rapidspin\n>p2 move terablast\n>p1 move bulkup\n>p2 move terablast\n>p1 move headlongrush\n>p2 move terablast\n>p2 switch 3\n>p1 move knockoff\n>p2 move earthquake\n>p1 switch 3\n>p1 move bulkup\n>p2 move uturn\n>p2 switch 5\n>p1 move trailblaze terastallize\n>p2 move dragondance mega\n>p1 move terablast\n>p2 move flareblitz\n>p2 switch 4\n>p1 move terablast\n>p2 move firepunch\n>p2 switch 6\n>p1 move trailblaze\n>p2 move strengthsap\n>p1 move bulkup\n>p2 move calmmind\n>p1 switch 6\n>p2 move strengthsap\n>p1 move thunderwave\n>p2 switch 5\n>p1 move healingwish\n>p2 move roost\n>p1 switch 4\n>p1 move nastyplot mega\n>p2 move stealthrock\n>p1 move shadowball\n>p2 move uturn\n>p2 switch 5\n>p1 move shadowball\n>p2 move calmmind","uploadtime":1762108993}