{"id":"gen9natdexdraft-66","log":"|j|☆DogeTheNoob\n|j|☆john961\n|t:|1760318802\n|gametype|singles\n|player|p1|DogeTheNoob|265|\n|player|p2|john961|miku-flying|\n|gen|9\n|tier|[Gen 9] NatDex Draft\n|rule|Tera Type Preview: Tera Types are shown at Team Preview\n|rule|Sleep Clause Mod: Limit one foe put to sleep\n|rule|OHKO Clause: OHKO moves are banned\n|rule|Evasion Clause: Evasion abilities, items, and moves are banned\n|rule|Evasion Abilities Clause: Evasion abilities are banned\n|rule|Evasion Items Clause: Evasion items are banned\n|rule|Evasion Moves Clause: Evasion moves are banned\n|rule|Endless Battle Clause: Forcing endless battles is banned\n|rule|HP Percentage Mod: HP is shown in percentages\n|raw|<div class=\"infobox\"><details class=\"readmore\" open><summary><strong>1 custom rule:</strong></summary> Tera Type Preview</details></div>\n|clearpoke\n|poke|p1|Scrafty, F|\n|poke|p1|Torkoal, M|\n|poke|p1|Abyluxneon, F|\n|poke|p1|Razor Spine, M|\n|poke|p1|Terapagos, M|\n|poke|p1|Gouging Fire|\n|poke|p2|Mudsdale, M|\n|poke|p2|Paleogeist, F|\n|poke|p2|Iron Pixel, M|\n|poke|p2|Iron Gear, F|\n|poke|p2|Hydreigon, F|\n|poke|p2|Amoonguss, F|\n|raw|DogeTheNoob's Tera Types:<br /><psicon pokemon=\"scrafty\" /><psicon type=\"Dark\" /> / <psicon pokemon=\"torkoal\" /><psicon type=\"Fire\" /> / <psicon pokemon=\"abyluxneon\" /><psicon type=\"Ground\" /> / <psicon pokemon=\"razorspine\" /><psicon type=\"Steel\" /> / <psicon pokemon=\"terapagos\" /><psicon type=\"Stellar\" /> / <psicon pokemon=\"gougingfire\" /><psicon type=\"Fire\" />\n|raw|john961's Tera Types:<br /><psicon pokemon=\"mudsdale\" /><psicon type=\"Ground\" /> / <psicon pokemon=\"paleogeist\" /><psicon type=\"Ghost\" /> / <psicon pokemon=\"ironpixel\" /><psicon type=\"Poison\" /> / <psicon pokemon=\"irongear\" /><psicon type=\"Psychic\" /> / <psicon pokemon=\"hydreigon\" /><psicon type=\"Dark\" /> / <psicon pokemon=\"amoonguss\" /><psicon type=\"Grass\" />\n|teampreview\n|c|☆john961|glhf\n|c|☆DogeTheNoob|gl\n|j| The_Shawdoin\n|\n|t:|1760318876\n|teamsize|p1|6\n|teamsize|p2|6\n|start\n|switch|p1a: Torkoal|Torkoal, M|100/100\n|switch|p2a: Happy Gilmore|Iron Pixel, M, shiny|100/100\n|-weather|SunnyDay|[from] ability: Drought|[of] p1a: Torkoal\n|turn|1\n|\n|t:|1760318890\n|move|p2a: Happy Gilmore|Volt Switch|p1a: Torkoal\n|-damage|p1a: Torkoal|46/100\n|\n|t:|1760318897\n|-end|p2a: Happy Gilmore|Quark Drive|[silent]\n|switch|p2a: Ghidorah|Hydreigon, F|100/100|[from] Volt Switch\n|move|p1a: Torkoal|Stealth Rock|p2a: Ghidorah\n|-sidestart|p2: john961|move: Stealth Rock\n|\n|-weather|SunnyDay|[upkeep]\n|upkeep\n|turn|2\n|\n|t:|1760318910\n|switch|p1a: Scrafty|Scrafty, F|100/100\n|-ability|p1a: Scrafty|Intimidate|boost\n|-unboost|p2a: Ghidorah|atk|1\n|move|p2a: Ghidorah|Stealth Rock|p1a: Scrafty\n|-sidestart|p1: DogeTheNoob|move: Stealth Rock\n|\n|-weather|SunnyDay|[upkeep]\n|upkeep\n|turn|3\n|\n|t:|1760318920\n|move|p2a: Ghidorah|Toxic|p1a: Scrafty\n|-status|p1a: Scrafty|tox\n|move|p1a: Scrafty|Drain Punch|p2a: Ghidorah\n|-supereffective|p2a: Ghidorah\n|-enditem|p2a: Ghidorah|Chople Berry|[eat]\n|-enditem|p2a: Ghidorah|Chople Berry|[weaken]\n|-damage|p2a: Ghidorah|76/100\n|\n|-weather|SunnyDay|[upkeep]\n|-damage|p1a: Scrafty|94/100 tox|[from] psn\n|upkeep\n|turn|4\n|\n|t:|1760318951\n|switch|p2a: Is he sus???????|Amoonguss, F|100/100\n|-damage|p2a: Is he sus???????|88/100|[from] Stealth Rock\n|move|p1a: Scrafty|Knock Off|p2a: Is he sus???????\n|-damage|p2a: Is he sus???????|68/100\n|\n|-weather|SunnyDay|[upkeep]\n|-damage|p1a: Scrafty|82/100 tox|[from] psn\n|upkeep\n|turn|5\n|\n|t:|1760318966\n|detailschange|p2a: Is he sus???????|Amoonguss-Mega, F\n|-mega|p2a: Is he sus???????|Amoonguss|Vent\n|move|p1a: Scrafty|Zen Headbutt|p2a: Is he sus???????\n|-supereffective|p2a: Is he sus???????\n|-damage|p2a: Is he sus???????|44/100\n|cant|p2a: Is he sus???????|flinch\n|\n|-weather|SunnyDay|[upkeep]\n|-damage|p1a: Scrafty|64/100 tox|[from] psn\n|-activate|p2a: Is he sus???????|ability: Ejected\n|upkeep\n|c|☆DogeTheNoob|lmfao\n|\n|t:|1760318983\n|-heal|p2a: Is he sus???????|64/100|[from] ability: Ejected\n|switch|p2a: Happy Gilmore|Iron Pixel, M, shiny|100/100\n|-damage|p2a: Happy Gilmore|88/100|[from] Stealth Rock\n|turn|6\n|\n|t:|1760318997\n|move|p2a: Happy Gilmore|Volt Switch|p1a: Scrafty\n|-damage|p1a: Scrafty|35/100 tox\n|\n|t:|1760319000\n|-end|p2a: Happy Gilmore|Quark Drive|[silent]\n|switch|p2a: Is he sus???????|Amoonguss-Mega, F|64/100|[from] Volt Switch\n|-damage|p2a: Is he sus???????|52/100|[from] Stealth Rock\n|move|p1a: Scrafty|Zen Headbutt|p2a: Is he sus???????|[miss]\n|-miss|p1a: Scrafty|p2a: Is he sus???????\n|\n|-weather|SunnyDay|[upkeep]\n|-damage|p1a: Scrafty|11/100 tox|[from] psn\n|upkeep\n|turn|7\n|\n|t:|1760319011\n|move|p1a: Scrafty|Zen Headbutt|p2a: Is he sus???????\n|-supereffective|p2a: Is he sus???????\n|-damage|p2a: Is he sus???????|26/100\n|move|p2a: Is he sus???????|Synthesis|p2a: Is he sus???????\n|-heal|p2a: Is he sus???????|92/100\n|\n|-weather|SunnyDay|[upkeep]\n|-damage|p1a: Scrafty|0 fnt|[from] psn\n|faint|p1a: Scrafty\n|upkeep\n|c| The_Shawdoin|jp\n|\n|t:|1760319019\n|switch|p1a: Gouging Fire|Gouging Fire|100/100\n|-damage|p1a: Gouging Fire|76/100|[from] Stealth Rock\n|-activate|p1a: Gouging Fire|ability: Protosynthesis\n|-start|p1a: Gouging Fire|protosynthesisatk\n|turn|8\n|c| The_Shawdoin|Ive gainned 320 hours of among us since augest 12th\n|\n|t:|1760319040\n|move|p1a: Gouging Fire|Heat Crash|p2a: Is he sus???????\n|-supereffective|p2a: Is he sus???????\n|-damage|p2a: Is he sus???????|0 fnt\n|faint|p2a: Is he sus???????\n|detailschange|p2: Is he sus???????|Amoonguss, F|[silent]\n|\n|-weather|none\n|-end|p1a: Gouging Fire|Protosynthesis\n|-heal|p1a: Gouging Fire|82/100|[from] item: Leftovers\n|upkeep\n|\n|t:|1760319051\n|switch|p2a: William Afton|Paleogeist, F, shiny|100/100\n|-damage|p2a: William Afton|88/100|[from] Stealth Rock\n|turn|9\n|\n|t:|1760319071\n|-end|p1a: Gouging Fire|Protosynthesis|[silent]\n|switch|p1a: Torkoal|Torkoal, M|46/100\n|-damage|p1a: Torkoal|21/100|[from] Stealth Rock\n|-weather|SunnyDay|[from] ability: Drought|[of] p1a: Torkoal\n|-terastallize|p2a: William Afton|Ghost\n|move|p2a: William Afton|Rock Wrecker|p1a: Torkoal|[miss]\n|-miss|p2a: William Afton|p1a: Torkoal\n|\n|-weather|SunnyDay|[upkeep]\n|upkeep\n|turn|10\n|\n|t:|1760319087\n|-ability|p2a: William Afton|Sheer Willpower\n|-message|William Afton's Phantom Force hits instantly!\n|move|p2a: William Afton|Phantom Force||[still]\n|-prepare|p2a: William Afton|Phantom Force\n|-anim|p2a: William Afton|Phantom Force|p1a: Torkoal\n|-damage|p1a: Torkoal|0 fnt\n|faint|p1a: Torkoal\n|\n|-weather|SunnyDay|[upkeep]\n|upkeep\n|\n|t:|1760319110\n|switch|p1a: Razor Spine|Razor Spine, M|100/100\n|-damage|p1a: Razor Spine|94/100|[from] Stealth Rock\n|-activate|p1a: Razor Spine|ability: Protosynthesis\n|-start|p1a: Razor Spine|protosynthesisspe\n|turn|11\n|\n|t:|1760319116\n|move|p1a: Razor Spine|Shadow Claw|p2a: William Afton\n|-supereffective|p2a: William Afton\n|-enditem|p2a: William Afton|Kasib Berry|[eat]\n|-enditem|p2a: William Afton|Kasib Berry|[weaken]\n|-damage|p2a: William Afton|52/100\n|-ability|p2a: William Afton|Sheer Willpower\n|-message|William Afton's Phantom Force hits instantly!\n|move|p2a: William Afton|Phantom Force||[still]\n|-prepare|p2a: William Afton|Phantom Force\n|-anim|p2a: William Afton|Phantom Force|p1a: Razor Spine\n|-supereffective|p1a: Razor Spine\n|-damage|p1a: Razor Spine|0 fnt\n|faint|p1a: Razor Spine\n|-end|p1a: Razor Spine|Protosynthesis|[silent]\n|\n|-weather|SunnyDay|[upkeep]\n|upkeep\n|\n|t:|1760319128\n|switch|p1a: Gouging Fire|Gouging Fire|82/100\n|-damage|p1a: Gouging Fire|57/100|[from] Stealth Rock\n|-activate|p1a: Gouging Fire|ability: Protosynthesis\n|-start|p1a: Gouging Fire|protosynthesisatk\n|turn|12\n|\n|t:|1760319140\n|switch|p2a: Bojack Unbound|Mudsdale, M, shiny|100/100\n|-damage|p2a: Bojack Unbound|94/100|[from] Stealth Rock\n|move|p1a: Gouging Fire|Heat Crash|p2a: Bojack Unbound\n|-damage|p2a: Bojack Unbound|75/100\n|-damage|p1a: Gouging Fire|40/100|[from] item: Rocky Helmet|[of] p2a: Bojack Unbound\n|-ability|p2a: Bojack Unbound|Stamina|boost\n|-boost|p2a: Bojack Unbound|def|1\n|\n|-weather|SunnyDay|[upkeep]\n|-heal|p1a: Gouging Fire|46/100|[from] item: Leftovers\n|upkeep\n|turn|13\n|\n|t:|1760319157\n|move|p1a: Gouging Fire|Morning Sun|p1a: Gouging Fire\n|-heal|p1a: Gouging Fire|100/100\n|move|p2a: Bojack Unbound|High Horsepower|p1a: Gouging Fire\n|-supereffective|p1a: Gouging Fire\n|-crit|p1a: Gouging Fire\n|-damage|p1a: Gouging Fire|16/100\n|\n|-weather|SunnyDay|[upkeep]\n|-heal|p1a: Gouging Fire|22/100|[from] item: Leftovers\n|upkeep\n|turn|14\n|\n|t:|1760319167\n|move|p1a: Gouging Fire|Morning Sun|p1a: Gouging Fire\n|-heal|p1a: Gouging Fire|89/100\n|move|p2a: Bojack Unbound|High Horsepower|p1a: Gouging Fire\n|-supereffective|p1a: Gouging Fire\n|-damage|p1a: Gouging Fire|29/100\n|\n|-weather|SunnyDay|[upkeep]\n|-heal|p1a: Gouging Fire|35/100|[from] item: Leftovers\n|upkeep\n|turn|15\n|\n|t:|1760319203\n|move|p1a: Gouging Fire|Morning Sun|p1a: Gouging Fire\n|-heal|p1a: Gouging Fire|100/100\n|move|p2a: Bojack Unbound|Toxic|p1a: Gouging Fire\n|-status|p1a: Gouging Fire|tox\n|\n|-weather|SunnyDay|[upkeep]\n|-damage|p1a: Gouging Fire|94/100 tox|[from] psn\n|upkeep\n|turn|16\n|\n|t:|1760319220\n|-end|p1a: Gouging Fire|Protosynthesis|[silent]\n|switch|p1a: Terapagos|Terapagos, M|100/100\n|-activate|p1a: Terapagos|ability: Tera Shift\n|detailschange|p1a: Terapagos|Terapagos-Terastal, M\n|-heal|p1a: Terapagos|100/100|[silent]\n|-damage|p1a: Terapagos|88/100|[from] Stealth Rock\n|move|p2a: Bojack Unbound|High Horsepower|p1a: Terapagos\n|-damage|p1a: Terapagos|58/100\n|\n|-weather|none\n|upkeep\n|turn|17\n|\n|t:|1760319240\n|switch|p2a: William Afton|Paleogeist, F, shiny, tera:Ghost|52/100\n|-damage|p2a: William Afton|40/100|[from] Stealth Rock\n|move|p1a: Terapagos|Calm Mind|p1a: Terapagos\n|-boost|p1a: Terapagos|spa|1\n|-boost|p1a: Terapagos|spd|1\n|\n|upkeep\n|turn|18\n|\n|t:|1760319251\n|move|p1a: Terapagos|Rest|p1a: Terapagos\n|-status|p1a: Terapagos|slp|[from] move: Rest\n|-heal|p1a: Terapagos|100/100 slp|[silent]\n|-enditem|p1a: Terapagos|Chesto Berry|[eat]\n|-curestatus|p1a: Terapagos|slp|[msg]\n|move|p2a: William Afton|Rock Wrecker|p1a: Terapagos\n|-activate|p1a: Terapagos|ability: Tera Shell\n|-resisted|p1a: Terapagos\n|-damage|p1a: Terapagos|63/100\n|-mustrecharge|p2a: William Afton\n|\n|upkeep\n|turn|19\n|c|☆john961|SPARKS\n|c|☆john961|YOU CODED IT WRONG\n|c| The_Shawdoin|let me get him\n|c|☆john961|doge can you click a normal move sparks messed up\n|c|☆john961|doge?\n|l|☆DogeTheNoob\n|player|p1|\n|j|☆DogeTheNoob\n|player|p1|DogeTheNoob|265|\n|c|☆DogeTheNoob|fawk dude my bad bro i’m on my phone cause you took so long\n|c|☆john961|but doge\n|c|☆john961|can you click starstorm\n|c|☆john961|bc sparks didn't code in ability\n|c|☆DogeTheNoob|yeah whatever it’s clicked\n|\n|t:|1760319486\n|move|p1a: Terapagos|Tera Starstorm|p2a: William Afton\n|-immune|p2a: William Afton\n|cant|p2a: William Afton|recharge\n|\n|upkeep\n|turn|20\n|\n|t:|1760319499\n|move|p1a: Terapagos|Earth Power|p2a: William Afton\n|-damage|p2a: William Afton|4/100\n|move|p2a: William Afton|Rock Wrecker|p1a: Terapagos\n|-damage|p1a: Terapagos|0 fnt\n|-mustrecharge|p2a: William Afton\n|faint|p1a: Terapagos\n|\n|upkeep\n|\n|t:|1760319508\n|switch|p1a: Abyluxneon|Abyluxneon, F|100/100\n|-damage|p1a: Abyluxneon|88/100|[from] Stealth Rock\n|turn|21\n|c|☆DogeTheNoob|clicking moonlight \n|c|☆john961|ty\n|\n|t:|1760319527\n|move|p1a: Abyluxneon|Moonlight|p1a: Abyluxneon\n|-heal|p1a: Abyluxneon|100/100\n|cant|p2a: William Afton|recharge\n|\n|upkeep\n|turn|22\n|\n|t:|1760319538\n|move|p1a: Abyluxneon|Scald|p2a: William Afton\n|-damage|p2a: William Afton|0 fnt\n|faint|p2a: William Afton\n|\n|upkeep\n|\n|t:|1760319548\n|switch|p2a: Happy Gilmore|Iron Pixel, M, shiny|88/100\n|-damage|p2a: Happy Gilmore|76/100|[from] Stealth Rock\n|turn|23\n|\n|t:|1760319552\n|switch|p1a: Gouging Fire|Gouging Fire|94/100 tox\n|-damage|p1a: Gouging Fire|70/100 tox|[from] Stealth Rock\n|move|p2a: Happy Gilmore|Energy Ball|p1a: Gouging Fire\n|-resisted|p1a: Gouging Fire\n|-damage|p1a: Gouging Fire|60/100 tox\n|-unboost|p1a: Gouging Fire|spd|1\n|\n|-heal|p1a: Gouging Fire|66/100 tox|[from] item: Leftovers\n|-damage|p1a: Gouging Fire|60/100 tox|[from] psn\n|upkeep\n|turn|24\n|\n|t:|1760319585\n|-end|p2a: Happy Gilmore|Quark Drive|[silent]\n|switch|p2a: Ghidorah|Hydreigon, F|76/100\n|-damage|p2a: Ghidorah|64/100|[from] Stealth Rock\n|move|p1a: Gouging Fire|Heat Crash|p2a: Ghidorah\n|-resisted|p2a: Ghidorah\n|-damage|p2a: Ghidorah|47/100\n|\n|-heal|p1a: Gouging Fire|66/100 tox|[from] item: Leftovers\n|-damage|p1a: Gouging Fire|54/100 tox|[from] psn\n|upkeep\n|turn|25\n|\n|t:|1760319596\n|move|p2a: Ghidorah|Dark Pulse|p1a: Gouging Fire\n|-damage|p1a: Gouging Fire|7/100 tox\n|move|p1a: Gouging Fire|Dragon Claw|p2a: Ghidorah\n|-supereffective|p2a: Ghidorah\n|-damage|p2a: Ghidorah|0 fnt\n|faint|p2a: Ghidorah\n|\n|-heal|p1a: Gouging Fire|13/100 tox|[from] item: Leftovers\n|-damage|p1a: Gouging Fire|0 fnt|[from] psn\n|faint|p1a: Gouging Fire\n|-end|p1a: Gouging Fire|Protosynthesis|[silent]\n|upkeep\n|\n|t:|1760319606\n|switch|p2a: Happy Gilmore|Iron Pixel, M, shiny|76/100\n|switch|p1a: Abyluxneon|Abyluxneon, F|100/100\n|-damage|p2a: Happy Gilmore|63/100|[from] Stealth Rock\n|-damage|p1a: Abyluxneon|88/100|[from] Stealth Rock\n|turn|26\n|\n|t:|1760319615\n|-terastallize|p1a: Abyluxneon|Ground\n|move|p2a: Happy Gilmore|Energy Ball|p1a: Abyluxneon\n|-supereffective|p1a: Abyluxneon\n|-damage|p1a: Abyluxneon|0 fnt\n|faint|p1a: Abyluxneon\n|\n|win|john961\n|c|☆john961|gg\n|l|☆DogeTheNoob\n|player|p1|\n|j|~SparksTheNeo\n|l|☆john961\n|player|p2|\n|l| The_Shawdoin\n","players":["DogeTheNoob","john961"],"format":"[Gen 9] NatDex Draft","rating":null,"private":0,"password":null,"inputlog":">version c5f06566d1a0a24bc6fa6bc2146fd951ef712f76\n>start {\"formatid\":\"gen9natdexdraft@@@Tera Type Preview\",\"seed\":\"sodium,a193e5b58b6af476383457ac0c51c1ed\"}\n>player p1 {\"name\":\"DogeTheNoob\",\"avatar\":\"265\",\"team\":\"Scrafty||AssaultVest|Intimidate|KnockOff,DrainPunch,ZenHeadbutt,IronHead|Impish|248,76,88,,96,|F||||,,,,,Dark]Torkoal||HeatRock|Drought|RapidSpin,StealthRock,LavaPlume,Yawn|Bold|248,,80,8,172,|M||||,,,,,Fire]Abyluxneon||RockyHelmet|StormDrain|AlluringVoice,Moonlight,Scald,FlipTurn|Bold|248,,252,8,,|F||||,,,,,Ground]Razor Spine||ChoiceBand|Protosynthesis|MeteorMash,Earthquake,CloseCombat,ShadowClaw|Jolly|80,252,,,,176|M||||,,,,,Steel]Terapagos||ChestoBerry|TeraShift|TeraStarstorm,Rest,EarthPower,CalmMind|Modest|248,,,216,,44|M|,15,,,,|||,Dark,,,,Stellar]Gouging Fire||Leftovers|Protosynthesis|HeatCrash,DragonDance,DragonClaw,MorningSun|Adamant|252,40,,,,216|N||||,Fighting,,,,Fire\",\"rating\":0}\n>player p2 {\"name\":\"john961\",\"avatar\":\"miku-flying\",\"team\":\"Bojack Unbound|Mudsdale|RockyHelmet|Stamina|HighHorsepower,Toxic,Rest,SleepTalk|Impish|248,,252,,8,|M||S||,,,,,Ground]William Afton|Paleogeist|KasibBerry|SheerWillpower|RockWrecker,PhantomForce,SlackOff,PartingShot|Adamant|248,252,8,,,|F||S||,,,,,Ghost]Happy Gilmore|IronPixel|ChoiceSpecs|QuarkDrive|SludgeWave,Thunderbolt,EnergyBall,VoltSwitch|Timid|8,,,252,,248|M|,0,,,,|S||,,,,,Poison]Metal Gear|IronGear|BoosterEnergy|QuarkDrive|Psychic,BodyPress,CalmMind,IronDefense|Timid|,,32,224,,252|F|,0,,,,|S||,,,,,Psychic]Ghidorah|Hydreigon|ChopleBerry|Levitate|DarkPulse,Toxic,StealthRock,Roost|Timid|248,,60,,,200|F|,0,,,,|||,,,,,Dark]Is he sus???????|Amoonguss|Vent|Regenerator|GigaDrain,ClearSmog,FoulPlay,Synthesis|Calm|248,,112,,148,|F|,0,,,,|||,,,,,Grass\",\"rating\":0}\n>chat ☆john961|glhf\n>chat ☆DogeTheNoob|gl\n>p1 team 2, 1, 3, 4, 5, 6\n>p2 team 3, 2, 1, 4, 5, 6\n>p1 move stealthrock\n>p2 move voltswitch\n>p2 switch 5\n>p1 switch 2\n>p2 move stealthrock\n>p1 move drainpunch\n>p2 move toxic\n>p1 move knockoff\n>p2 switch 6\n>p1 move zenheadbutt\n>p2 move gigadrain mega\n>chat ☆DogeTheNoob|lmfao\n>p2 switch 5\n>p1 move zenheadbutt\n>p2 move voltswitch\n>p2 switch 5\n>p1 move zenheadbutt\n>p2 move synthesis\n>chat  The_Shawdoin|jp\n>p1 switch 6\n>chat  The_Shawdoin|Ive gainned 320 hours of among us since augest 12th\n>p1 move heatcrash\n>p2 move foulplay\n>p2 switch 2\n>p1 switch 2\n>p2 move rockwrecker terastallize\n>p1 move yawn\n>p2 move phantomforce\n>p1 switch 4\n>p1 move shadowclaw\n>p2 move phantomforce\n>p1 switch 2\n>p1 move heatcrash\n>p2 switch 3\n>p1 move morningsun\n>p2 move highhorsepower\n>p1 move morningsun\n>p2 move highhorsepower\n>p1 move morningsun\n>p2 move toxic\n>p1 switch 5\n>p2 move highhorsepower\n>p1 move calmmind\n>p2 switch 3\n>p1 move rest\n>p2 move rockwrecker\n>chat ☆john961|SPARKS\n>chat ☆john961|YOU CODED IT WRONG\n>chat  The_Shawdoin|let me get him\n>chat ☆john961|doge can you click a normal move sparks messed up\n>chat ☆john961|doge?\n>chat ☆DogeTheNoob|fawk dude my bad bro i’m on my phone cause you took so long\n>chat ☆john961|but doge\n>chat ☆john961|can you click starstorm\n>chat ☆john961|bc sparks didn't code in ability\n>chat ☆DogeTheNoob|yeah whatever it’s clicked\n>p1 move terastarstorm\n>p2 move recharge\n>p1 move earthpower\n>p2 move rockwrecker\n>p1 switch 3\n>chat ☆DogeTheNoob|clicking moonlight \n>chat ☆john961|ty\n>p1 move moonlight\n>p2 move recharge\n>p1 move scald\n>p2 move partingshot\n>p2 switch 5\n>p1 switch 5\n>p2 move energyball\n>p1 move heatcrash\n>p2 switch 6\n>p1 move dragonclaw\n>p2 move darkpulse\n>p1 switch 5\n>p2 switch 6\n>p1 move scald terastallize\n>p2 move energyball","uploadtime":1760319886}