{"id":"gen9natdexdraft-98","log":"|j|☆snowpeashooter\n|j|☆drchaose\n|t:|1760884927\n|gametype|singles\n|player|p1|snowpeashooter|266|\n|player|p2|drchaose|postman|\n|gen|9\n|tier|[Gen 9] NatDex Draft\n|rule|Tera Type Preview: Tera Types are shown at Team Preview\n|rule|Sleep Clause Mod: Limit one foe put to sleep\n|rule|OHKO Clause: OHKO moves are banned\n|rule|Evasion Clause: Evasion abilities, items, and moves are banned\n|rule|Evasion Abilities Clause: Evasion abilities are banned\n|rule|Evasion Items Clause: Evasion items are banned\n|rule|Evasion Moves Clause: Evasion moves are banned\n|rule|Endless Battle Clause: Forcing endless battles is banned\n|rule|HP Percentage Mod: HP is shown in percentages\n|raw|<div class=\"infobox\"><details class=\"readmore\" open><summary><strong>1 custom rule:</strong></summary> teratypepreview</details></div>\n|clearpoke\n|poke|p1|Slicing Segment, M|\n|poke|p1|Tornadus-Therian, M|\n|poke|p1|Gholdengo-Sea, F|\n|poke|p1|Roserade-Hell, F|\n|poke|p1|Ogerpon-Cornerstone, F|\n|poke|p1|Greninja-*, M|\n|poke|p2|Iron Valiant|\n|poke|p2|Raging Bolt|\n|poke|p2|Chien-Pao|\n|poke|p2|Bronzong|\n|poke|p2|Alomomola, M|\n|poke|p2|Brambleghast, F|\n|raw|snowpeashooter's Tera Types:<br /><psicon pokemon=\"slicingsegment\" /><psicon type=\"Steel\" /> / <psicon pokemon=\"tornadustherian\" /><psicon type=\"Ghost\" /> / <psicon pokemon=\"gholdengosea\" /><psicon type=\"Fairy\" /> / <psicon pokemon=\"roseradehell\" /><psicon type=\"Poison\" /> / <psicon pokemon=\"ogerponcornerstone\" /><psicon type=\"Rock\" /> / <psicon pokemon=\"greninjabond\" /><psicon type=\"Ground\" />\n|raw|drchaose's Tera Types:<br /><psicon pokemon=\"ironvaliant\" /><psicon type=\"Fairy\" /> / <psicon pokemon=\"ragingbolt\" /><psicon type=\"Water\" /> / <psicon pokemon=\"chienpao\" /><psicon type=\"Dark\" /> / <psicon pokemon=\"bronzong\" /><psicon type=\"Steel\" /> / <psicon pokemon=\"alomomola\" /><psicon type=\"Water\" /> / <psicon pokemon=\"brambleghast\" /><psicon type=\"Ghost\" />\n|teampreview\n|c|☆drchaose|glhf\n|c|☆snowpeashooter|hf\n|\n|t:|1760884967\n|teamsize|p1|6\n|teamsize|p2|6\n|start\n|switch|p1a: kill|Greninja, M|100/100\n|switch|p2a: Bronzong|Bronzong|100/100\n|turn|1\n|\n|t:|1760885018\n|switch|p2a: Raging Bolt|Raging Bolt|100/100\n|detailschange|p1a: kill|Greninja-Mega, M\n|-mega|p1a: kill|Greninja|Greninjite\n|move|p1a: kill|Dark Pulse|p2a: Raging Bolt\n|-damage|p2a: Raging Bolt|75/100\n|\n|upkeep\n|turn|2\n|\n|t:|1760885039\n|switch|p1a: shit mon|Roserade-Hell, F|100/100\n|-terastallize|p2a: Raging Bolt|Water\n|move|p2a: Raging Bolt|Volt Switch|p1a: shit mon\n|-damage|p1a: shit mon|68/100\n|\n|t:|1760885061\n|-end|p2a: Raging Bolt|Protosynthesis|[silent]\n|switch|p2a: Chien-Pao|Chien-Pao|100/100|[from] Volt Switch\n|-ability|p2a: Chien-Pao|Sword of Ruin\n|\n|-status|p1a: shit mon|tox|[from] item: Toxic Orb\n|upkeep\n|turn|3\n|\n|t:|1760885067\n|switch|p1a: kill|Greninja-Mega, M|100/100\n|move|p2a: Chien-Pao|Icicle Crash|p1a: kill\n|-resisted|p1a: kill\n|-damage|p1a: kill|58/100\n|\n|upkeep\n|turn|4\n|\n|t:|1760885085\n|switch|p1a: prayge|Ogerpon-Cornerstone, F|100/100\n|move|p2a: Chien-Pao|Sucker Punch||[still]\n|-fail|p2a: Chien-Pao\n|\n|upkeep\n|turn|5\n|\n|t:|1760885095\n|switch|p2a: Bronzong|Bronzong|100/100\n|move|p1a: prayge|U-turn|p2a: Bronzong\n|-damage|p2a: Bronzong|67/100\n|\n|t:|1760885119\n|switch|p1a: he who misses|Tornadus-Therian, M|100/100|[from] U-turn\n|\n|upkeep\n|turn|6\n|\n|t:|1760885130\n|detailschange|p2a: Bronzong|Bronzong-Mega\n|-mega|p2a: Bronzong|Bronzong|Bronzongite\n|-ability|p2a: Bronzong|Vessel of Ruin\n|move|p1a: he who misses|Substitute|p1a: he who misses\n|-start|p1a: he who misses|Substitute\n|-damage|p1a: he who misses|76/100\n|move|p2a: Bronzong|Stealth Rock|p1a: he who misses\n|-sidestart|p1: snowpeashooter|move: Stealth Rock\n|\n|upkeep\n|turn|7\n|\n|t:|1760885139\n|move|p1a: he who misses|Nasty Plot|p1a: he who misses\n|-boost|p1a: he who misses|spa|2\n|move|p2a: Bronzong|Flash Cannon|p1a: he who misses\n|-end|p1a: he who misses|Substitute\n|\n|upkeep\n|turn|8\n|\n|t:|1760885162\n|-terastallize|p1a: he who misses|Ghost\n|move|p1a: he who misses|Tera Blast|p2a: Bronzong|[anim] Tera Blast Ghost\n|-supereffective|p2a: Bronzong\n|-damage|p2a: Bronzong|0 fnt\n|faint|p2a: Bronzong\n|detailschange|p2: Bronzong|Bronzong|[silent]\n|\n|upkeep\n|\n|t:|1760885165\n|switch|p2a: Chien-Pao|Chien-Pao|100/100\n|-ability|p2a: Chien-Pao|Sword of Ruin\n|turn|9\n|\n|t:|1760885183\n|switch|p1a: shit mon|Roserade-Hell, F|68/100 tox\n|-damage|p1a: shit mon|55/100 tox|[from] Stealth Rock\n|move|p2a: Chien-Pao|Icicle Crash|p1a: shit mon|[miss]\n|-miss|p2a: Chien-Pao|p1a: shit mon\n|\n|-heal|p1a: shit mon|68/100 tox|[from] ability: Poison Heal\n|upkeep\n|turn|10\n|\n|t:|1760885195\n|move|p2a: Chien-Pao|Icicle Crash|p1a: shit mon\n|-damage|p1a: shit mon|0 fnt\n|faint|p1a: shit mon\n|\n|upkeep\n|\n|t:|1760885200\n|switch|p1a: worm|Slicing Segment, M|100/100\n|turn|11\n|\n|t:|1760885228\n|switch|p2a: Iron Valiant|Iron Valiant|100/100\n|-enditem|p2a: Iron Valiant|Booster Energy\n|-activate|p2a: Iron Valiant|ability: Quark Drive|[fromitem]\n|-start|p2a: Iron Valiant|quarkdrivespe\n|move|p1a: worm|Glare|p2a: Iron Valiant\n|-status|p2a: Iron Valiant|par\n|\n|upkeep\n|turn|12\n|\n|t:|1760885238\n|move|p2a: Iron Valiant|Psychic|p1a: worm\n|-supereffective|p1a: worm\n|-damage|p1a: worm|61/100\n|move|p1a: worm|Sticky Web|p2a: Iron Valiant\n|-sidestart|p2: drchaose|move: Sticky Web\n|\n|upkeep\n|turn|13\n|\n|t:|1760885244\n|cant|p2a: Iron Valiant|par\n|move|p1a: worm|Slack Off|p1a: worm\n|-heal|p1a: worm|100/100\n|\n|upkeep\n|turn|14\n|\n|t:|1760885251\n|-end|p1a: worm|Protosynthesis|[silent]\n|switch|p1a: he who misses|Tornadus-Therian, M, tera:Ghost|100/100\n|move|p2a: Iron Valiant|Psychic|p1a: he who misses\n|-damage|p1a: he who misses|63/100\n|-unboost|p1a: he who misses|spd|1\n|\n|upkeep\n|turn|15\n|\n|t:|1760885264\n|switch|p1a: worm|Slicing Segment, M|100/100\n|move|p2a: Iron Valiant|Moonblast|p1a: worm\n|-resisted|p1a: worm\n|-damage|p1a: worm|84/100\n|\n|upkeep\n|turn|16\n|\n|t:|1760885269\n|-end|p1a: worm|Protosynthesis|[silent]\n|switch|p1a: he who misses|Tornadus-Therian, M, tera:Ghost|96/100\n|cant|p2a: Iron Valiant|par\n|\n|upkeep\n|turn|17\n|\n|t:|1760885277\n|move|p1a: he who misses|Substitute|p1a: he who misses\n|-start|p1a: he who misses|Substitute\n|-damage|p1a: he who misses|72/100\n|move|p2a: Iron Valiant|Moonblast|p1a: he who misses\n|-end|p1a: he who misses|Substitute\n|\n|upkeep\n|turn|18\n|\n|t:|1760885281\n|move|p1a: he who misses|Substitute|p1a: he who misses\n|-start|p1a: he who misses|Substitute\n|-damage|p1a: he who misses|47/100\n|move|p2a: Iron Valiant|Moonblast|p1a: he who misses\n|-end|p1a: he who misses|Substitute\n|\n|upkeep\n|turn|19\n|\n|t:|1760885286\n|move|p1a: he who misses|Bleakwind Storm|p2a: Iron Valiant|[miss]\n|-miss|p1a: he who misses|p2a: Iron Valiant\n|move|p2a: Iron Valiant|Moonblast|p1a: he who misses\n|-damage|p1a: he who misses|0 fnt\n|faint|p1a: he who misses\n|\n|upkeep\n|\n|t:|1760885298\n|switch|p1a: kill|Greninja-Mega, M|58/100\n|-damage|p1a: kill|46/100|[from] Stealth Rock\n|turn|20\n|\n|t:|1760885307\n|move|p1a: kill|Sludge Wave|p2a: Iron Valiant\n|-supereffective|p2a: Iron Valiant\n|-damage|p2a: Iron Valiant|0 fnt\n|faint|p2a: Iron Valiant\n|-end|p2a: Iron Valiant|Quark Drive|[silent]\n|\n|upkeep\n|\n|t:|1760885329\n|switch|p2a: Chien-Pao|Chien-Pao|100/100\n|-ability|p2a: Chien-Pao|Sword of Ruin\n|turn|21\n|\n|t:|1760885334\n|move|p1a: kill|Low Kick|p2a: Chien-Pao\n|-supereffective|p2a: Chien-Pao\n|-damage|p2a: Chien-Pao|0 fnt\n|faint|p2a: Chien-Pao\n|\n|upkeep\n|\n|t:|1760885339\n|switch|p2a: Raging Bolt|Raging Bolt, tera:Water|75/100\n|-activate|p2a: Raging Bolt|move: Sticky Web\n|-unboost|p2a: Raging Bolt|spe|1\n|turn|22\n|\n|t:|1760885346\n|move|p2a: Raging Bolt|Thunderclap|p1a: kill\n|-supereffective|p1a: kill\n|-damage|p1a: kill|0 fnt\n|faint|p1a: kill\n|detailschange|p1: kill|Greninja, M|[silent]\n|\n|upkeep\n|\n|t:|1760885352\n|switch|p1a: prayge|Ogerpon-Cornerstone, F|100/100\n|-damage|p1a: prayge|88/100|[from] Stealth Rock\n|turn|23\n|\n|t:|1760885368\n|-end|p2a: Raging Bolt|Protosynthesis|[silent]\n|switch|p2a: Alomomola|Alomomola, M|100/100\n|move|p1a: prayge|Horn Leech|p2a: Alomomola\n|-supereffective|p2a: Alomomola\n|-damage|p2a: Alomomola|19/100\n|-heal|p1a: prayge|100/100|[from] drain|[of] p2a: Alomomola\n|\n|upkeep\n|turn|24\n|\n|t:|1760885376\n|switch|p2a: Brambleghast|Brambleghast, F|100/100\n|move|p1a: prayge|Ivy Cudgel|p2a: Brambleghast|[anim] Ivy Cudgel Rock\n|-crit|p2a: Brambleghast\n|-damage|p2a: Brambleghast|0 fnt\n|faint|p2a: Brambleghast\n|\n|upkeep\n|\n|t:|1760885381\n|switch|p2a: Raging Bolt|Raging Bolt, tera:Water|75/100\n|-activate|p2a: Raging Bolt|move: Sticky Web\n|-unboost|p2a: Raging Bolt|spe|1\n|turn|25\n|\n|t:|1760885391\n|switch|p1a: worm|Slicing Segment, M|84/100\n|move|p2a: Raging Bolt|Tera Blast|p1a: worm|[anim] Tera Blast Water\n|-damage|p1a: worm|61/100\n|\n|upkeep\n|turn|26\n|\n|t:|1760885399\n|move|p1a: worm|Glare|p2a: Raging Bolt\n|-status|p2a: Raging Bolt|par\n|move|p2a: Raging Bolt|Volt Switch|p1a: worm\n|-damage|p1a: worm|41/100\n|\n|t:|1760885404\n|-end|p2a: Raging Bolt|Protosynthesis|[silent]\n|switch|p2a: Alomomola|Alomomola, M|53/100|[from] Volt Switch\n|\n|upkeep\n|turn|27\n|\n|t:|1760885413\n|move|p1a: worm|Glare|p2a: Alomomola\n|-status|p2a: Alomomola|par\n|cant|p2a: Alomomola|par\n|\n|upkeep\n|turn|28\n|\n|t:|1760885418\n|move|p1a: worm|Slack Off|p1a: worm\n|-heal|p1a: worm|91/100\n|move|p2a: Alomomola|Healing Wish|p2a: Alomomola\n|faint|p2a: Alomomola\n|\n|upkeep\n|\n|t:|1760885420\n|switch|p2a: Raging Bolt|Raging Bolt, tera:Water|75/100 par\n|-heal|p2a: Raging Bolt|100/100|[from] move: Healing Wish\n|-activate|p2a: Raging Bolt|move: Sticky Web\n|-unboost|p2a: Raging Bolt|spe|1\n|turn|29\n|\n|t:|1760885424\n|move|p1a: worm|Glare|p2a: Raging Bolt\n|-status|p2a: Raging Bolt|par\n|move|p2a: Raging Bolt|Discharge|p1a: worm\n|-crit|p1a: worm\n|-damage|p1a: worm|53/100\n|\n|upkeep\n|turn|30\n|\n|t:|1760885430\n|move|p1a: worm|Gunk Shot|p2a: Raging Bolt\n|-damage|p2a: Raging Bolt|69/100 par\n|move|p2a: Raging Bolt|Discharge|p1a: worm\n|-damage|p1a: worm|29/100\n|-status|p1a: worm|par\n|\n|upkeep\n|turn|31\n|\n|t:|1760885436\n|-end|p1a: worm|Protosynthesis|[silent]\n|switch|p1a: prayge|Ogerpon-Cornerstone, F|100/100\n|-damage|p1a: prayge|88/100|[from] Stealth Rock\n|move|p2a: Raging Bolt|Discharge|p1a: prayge\n|-resisted|p1a: prayge\n|-damage|p1a: prayge|66/100\n|-status|p1a: prayge|par\n|\n|upkeep\n|turn|32\n|\n|t:|1760885440\n|move|p1a: prayge|Horn Leech|p2a: Raging Bolt\n|-supereffective|p2a: Raging Bolt\n|-damage|p2a: Raging Bolt|16/100 par\n|-heal|p1a: prayge|100/100 par|[from] drain|[of] p2a: Raging Bolt\n|move|p2a: Raging Bolt|Tera Blast|p1a: prayge|[anim] Tera Blast Water\n|-damage|p1a: prayge|56/100 par\n|\n|upkeep\n|turn|33\n|\n|t:|1760885446\n|cant|p1a: prayge|par\n|cant|p2a: Raging Bolt|par\n|\n|upkeep\n|turn|34\n|\n|t:|1760885450\n|move|p1a: prayge|Horn Leech|p2a: Raging Bolt\n|-supereffective|p2a: Raging Bolt\n|-damage|p2a: Raging Bolt|0 fnt\n|-heal|p1a: prayge|68/100 par|[from] drain|[of] p2a: Raging Bolt\n|faint|p2a: Raging Bolt\n|-end|p2a: Raging Bolt|Protosynthesis|[silent]\n|\n|win|snowpeashooter\n|c|☆snowpeashooter|ggwp\n|c|☆drchaose|gg\n|l|☆snowpeashooter\n|player|p1|\n","players":["snowpeashooter","drchaose"],"format":"[Gen 9] NatDex Draft","rating":null,"private":0,"password":null,"inputlog":">version 266cd7969f11373d44307dd452d2e51e08c39070\n>start {\"formatid\":\"gen9natdexdraft@@@teratypepreview\",\"seed\":\"sodium,ef3355961637e3edba07d0995aa9c08d\"}\n>player p1 {\"name\":\"snowpeashooter\",\"avatar\":\"266\",\"team\":\"worm|SlicingSegment|HeavyDutyBoots|Protosynthesis|Glare,StickyWeb,GunkShot,SlackOff|Careful|248,8,,,252,|M||||,,,,,Steel]he who misses|TornadusTherian|HeavyDutyBoots|Regenerator|BleakwindStorm,TeraBlast,NastyPlot,Substitute|Timid|,,,252,40,216|M||||,,,,,Ghost]showers|GholdengoSea|WacanBerry|GoodasGold|Surf,ShadowBall,IceBeam,NastyPlot|Modest|80,,,252,4,172|F|,0,,,,|||,,,,,Fairy]shit mon|RoseradeHell|ToxicOrb|PoisonHeal|SleepPowder,NastyPlot,Moonblast,DarkPulse|Modest|236,,,236,,36|F|,0,,,,|||,,,,,Poison]prayge|OgerponCornerstone|CornerstoneMask|Sturdy|IvyCudgel,SwordsDance,HornLeech,Uturn|Adamant|52,252,,,,204|F||||,Poison,,,,Rock]kill|GreninjaBond|Greninjite|BattleBond|HydroPump,SludgeWave,DarkPulse,LowKick|Timid|,,,252,96,160|M||||,Ghost,,,,Ground\",\"rating\":0}\n>player p2 {\"name\":\"drchaose\",\"avatar\":\"postman\",\"team\":\"Iron Valiant||BoosterEnergy|QuarkDrive|Moonblast,AuraSphere,DestinyBond,Psychic|Timid|48,,,252,,208|N|,0,,,,|||,,,,,Fairy]Raging Bolt||AssaultVest|Protosynthesis|TeraBlast,VoltSwitch,Thunderclap,Discharge|Bold|248,,252,8,,|N||||,Fighting,,,,Water]Chien-Pao||HeavyDutyBoots|SwordofRuin|SuckerPunch,IcicleCrash,Crunch,SacredSword|Jolly|112,252,,,,144|N||||,,,,,Dark]Bronzong||Bronzongite|Levitate|StealthRock,BodyPress,PsychicNoise,FlashCannon|Timid|,,48,252,,208|N|,0,,,,|||,,,,,Steel]Alomomola||HeavyDutyBoots|Regenerator|FlipTurn,Scald,HealingWish,KnockOff|Sassy|248,,8,,252,|M|,,,,,0|||,,,,,Water]Brambleghast||HeavyDutyBoots|WindRider|RapidSpin,PowerWhip,ShadowSneak,StrengthSap|Jolly|248,44,,,,216|F||||,,,,,Ghost\",\"rating\":0}\n>chat ☆drchaose|glhf\n>chat ☆snowpeashooter|hf\n>p1 team 6, 2, 3, 4, 5, 1\n>p2 team 4, 2, 3, 1, 5, 6\n>p1 move darkpulse mega\n>p2 switch 2\n>p1 switch 4\n>p2 move voltswitch terastallize\n>p2 switch 3\n>p1 switch 4\n>p2 move iciclecrash\n>p1 switch 5\n>p2 move suckerpunch\n>p1 move uturn\n>p2 switch 2\n>p1 switch 2\n>p1 move substitute\n>p2 move stealthrock mega\n>p1 move nastyplot\n>p2 move flashcannon\n>p1 move terablast terastallize\n>p2 move flashcannon\n>p2 switch 2\n>p1 switch 4\n>p2 move iciclecrash\n>p1 move moonblast\n>p2 move iciclecrash\n>p1 switch 6\n>p1 move glare\n>p2 switch 4\n>p1 move stickyweb\n>p2 move psychic\n>p1 move slackoff\n>p2 move psychic\n>p1 switch 4\n>p2 move psychic\n>p1 switch 4\n>p2 move moonblast\n>p1 switch 4\n>p2 move psychic\n>p1 move substitute\n>p2 move moonblast\n>p1 move substitute\n>p2 move moonblast\n>p1 move bleakwindstorm\n>p2 move moonblast\n>p1 switch 5\n>p1 move sludgewave\n>p2 move psychic\n>p2 switch 4\n>p1 move lowkick\n>p2 move crunch\n>p2 switch 3\n>p1 move sludgewave\n>p2 move thunderclap\n>p1 switch 2\n>p1 move hornleech\n>p2 switch 5\n>p1 move ivycudgel\n>p2 switch 6\n>p2 switch 5\n>p1 switch 4\n>p2 move terablast\n>p1 move glare\n>p2 move voltswitch\n>p2 switch 6\n>p1 move glare\n>p2 move scald\n>p1 move slackoff\n>p2 move healingwish\n>p2 switch 6\n>p1 move glare\n>p2 move discharge\n>p1 move gunkshot\n>p2 move discharge\n>p1 switch 4\n>p2 move discharge\n>p1 move hornleech\n>p2 move terablast\n>p1 move hornleech\n>p2 move terablast\n>p1 move hornleech\n>p2 move terablast","uploadtime":1760885997}