{"id":"gen9natdexdraft-251","log":"|j|☆snowpeashooter\n|j|☆liviifailure\n|t:|1762615036\n|gametype|singles\n|player|p1|snowpeashooter|zinnia-masters|\n|player|p2|liviifailure|iris-gen5bw2|\n|gen|9\n|tier|[Gen 9] NatDex Draft\n|rule|Tera Type Preview: Tera Types are shown at Team Preview\n|rule|Sleep Clause Mod: Limit one foe put to sleep\n|rule|OHKO Clause: OHKO moves are banned\n|rule|Evasion Clause: Evasion abilities, items, and moves are banned\n|rule|Evasion Abilities Clause: Evasion abilities are banned\n|rule|Evasion Items Clause: Evasion items are banned\n|rule|Evasion Moves Clause: Evasion moves are banned\n|rule|Endless Battle Clause: Forcing endless battles is banned\n|rule|HP Percentage Mod: HP is shown in percentages\n|raw|<div class=\"infobox\"><details class=\"readmore\" open><summary><strong>1 custom rule:</strong></summary> Tera Type Preview</details></div>\n|clearpoke\n|poke|p1|Greninja-*, M|\n|poke|p1|Slicing Segment, F|\n|poke|p1|Gholdengo-Sea, F|\n|poke|p1|Tornadus-Therian, M|\n|poke|p1|Ogerpon-Cornerstone, F|\n|poke|p1|Iron Treads|\n|poke|p2|Mimikyu, F|\n|poke|p2|Palossand, F|\n|poke|p2|Keldeo-Resolute|\n|poke|p2|Corviknight, F|\n|poke|p2|Chi-Yu|\n|poke|p2|Howling Flare, F|\n|raw|snowpeashooter's Tera Types:<br /><psicon pokemon=\"greninjabond\" /><psicon type=\"Water\" /> / <psicon pokemon=\"slicingsegment\" /><psicon type=\"Bug\" /> / <psicon pokemon=\"gholdengosea\" /><psicon type=\"Ghost\" /> / <psicon pokemon=\"tornadustherian\" /><psicon type=\"Fire\" /> / <psicon pokemon=\"ogerponcornerstone\" /><psicon type=\"Rock\" /> / <psicon pokemon=\"irontreads\" /><psicon type=\"Ground\" />\n|raw|liviifailure's Tera Types:<br /><psicon pokemon=\"mimikyu\" /><psicon type=\"Ghost\" /> / <psicon pokemon=\"palossand\" /><psicon type=\"Stellar\" /> / <psicon pokemon=\"keldeoresolute\" /><psicon type=\"Stellar\" /> / <psicon pokemon=\"corviknight\" /><psicon type=\"Stellar\" /> / <psicon pokemon=\"chiyu\" /><psicon type=\"Stellar\" /> / <psicon pokemon=\"howlingflare\" /><psicon type=\"Stellar\" />\n|teampreview\n|c|☆liviifailure|glhf\n|\n|t:|1762615090\n|teamsize|p1|6\n|teamsize|p2|6\n|start\n|switch|p1a: Iron Treads|Iron Treads|100/100\n|switch|p2a: Howling Flare|Howling Flare, F|100/100\n|-enditem|p2a: Howling Flare|Booster Energy\n|-activate|p2a: Howling Flare|ability: Protosynthesis|[fromitem]\n|-start|p2a: Howling Flare|protosynthesisatk\n|turn|1\n|\n|t:|1762615119\n|-end|p1a: Iron Treads|Quark Drive|[silent]\n|switch|p1a: Slicing Segment|Slicing Segment, F|100/100\n|move|p2a: Howling Flare|Close Combat|p1a: Slicing Segment\n|-resisted|p1a: Slicing Segment\n|-damage|p1a: Slicing Segment|91/100\n|-unboost|p2a: Howling Flare|def|1\n|-unboost|p2a: Howling Flare|spd|1\n|\n|upkeep\n|turn|2\n|\n|t:|1762615152\n|-end|p2a: Howling Flare|Protosynthesis|[silent]\n|switch|p2a: Chi-Yu|Chi-Yu|100/100\n|-ability|p2a: Chi-Yu|Beads of Ruin\n|move|p1a: Slicing Segment|Sticky Web|p2a: Chi-Yu\n|-sidestart|p2: liviifailure|move: Sticky Web\n|\n|upkeep\n|turn|3\n|\n|t:|1762615189\n|-end|p1a: Slicing Segment|Protosynthesis|[silent]\n|switch|p1a: Greninja|Greninja, M|100/100\n|move|p2a: Chi-Yu|Overheat|p1a: Greninja\n|-resisted|p1a: Greninja\n|-damage|p1a: Greninja|23/100\n|-unboost|p2a: Chi-Yu|spa|2\n|\n|upkeep\n|turn|4\n|\n|t:|1762615201\n|move|p2a: Chi-Yu|Overheat|p1a: Greninja\n|-resisted|p1a: Greninja\n|-damage|p1a: Greninja|0 fnt\n|-unboost|p2a: Chi-Yu|spa|2\n|faint|p1a: Greninja\n|\n|upkeep\n|\n|t:|1762615224\n|switch|p1a: Ogerpon|Ogerpon-Cornerstone, F|100/100\n|turn|5\n|\n|t:|1762615238\n|switch|p2a: Corviknight|Corviknight, F|100/100\n|move|p1a: Ogerpon|Swords Dance|p1a: Ogerpon\n|-boost|p1a: Ogerpon|atk|2\n|\n|upkeep\n|turn|6\n|j| GamerNotFound2025\n|c|☆snowpeashooter|.\n|c|☆snowpeashooter|.\n|\n|t:|1762615423\n|detailschange|p2a: Corviknight|Corviknight-Mega, F\n|-mega|p2a: Corviknight|Corviknight|Corviknightite\n|move|p1a: Ogerpon|Taunt|p2a: Corviknight\n|-immune|p2a: Corviknight|[from] ability: Good as Gold\n|move|p2a: Corviknight|Body Press|p1a: Ogerpon\n|-supereffective|p1a: Ogerpon\n|-damage|p1a: Ogerpon|21/100\n|\n|upkeep\n|turn|7\n|c|☆snowpeashooter|ok idk why\n|c|☆snowpeashooter|I forgot about that\n|c|☆snowpeashooter|oops\n|c|☆liviifailure|:sob:\n|\n|t:|1762615446\n|move|p1a: Ogerpon|Ivy Cudgel|p2a: Corviknight|[anim] Ivy Cudgel Rock\n|-damage|p2a: Corviknight|34/100\n|move|p2a: Corviknight|U-turn|p1a: Ogerpon\n|-supereffective|p1a: Ogerpon\n|-damage|p1a: Ogerpon|0 fnt\n|faint|p1a: Ogerpon\n|\n|t:|1762615461\n|switch|p2a: Chi-Yu|Chi-Yu|100/100|[from] U-turn\n|-activate|p2a: Chi-Yu|move: Sticky Web\n|-unboost|p2a: Chi-Yu|spe|1\n|-ability|p2a: Chi-Yu|Beads of Ruin\n|\n|upkeep\n|\n|t:|1762615471\n|switch|p1a: Iron Treads|Iron Treads|100/100\n|turn|8\n|\n|t:|1762615487\n|switch|p2a: Corviknight|Corviknight-Mega, F|34/100\n|move|p1a: Iron Treads|Volt Switch|p2a: Corviknight\n|-supereffective|p2a: Corviknight\n|-damage|p2a: Corviknight|20/100\n|\n|t:|1762615505\n|-end|p1a: Iron Treads|Quark Drive|[silent]\n|switch|p1a: Tornadus|Tornadus-Therian, M|100/100|[from] Volt Switch\n|\n|upkeep\n|turn|9\n|\n|t:|1762615518\n|move|p1a: Tornadus|Nasty Plot|p1a: Tornadus\n|-boost|p1a: Tornadus|spa|2\n|move|p2a: Corviknight|Roost|p2a: Corviknight\n|-heal|p2a: Corviknight|70/100\n|-singleturn|p2a: Corviknight|move: Roost\n|\n|upkeep\n|turn|10\n|\n|t:|1762615524\n|move|p1a: Tornadus|Heat Wave|p2a: Corviknight\n|-supereffective|p2a: Corviknight\n|-damage|p2a: Corviknight|0 fnt\n|faint|p2a: Corviknight\n|detailschange|p2: Corviknight|Corviknight, F|[silent]\n|\n|upkeep\n|\n|t:|1762615555\n|switch|p2a: Chi-Yu|Chi-Yu|100/100\n|-activate|p2a: Chi-Yu|move: Sticky Web\n|-unboost|p2a: Chi-Yu|spe|1\n|-ability|p2a: Chi-Yu|Beads of Ruin\n|turn|11\n|\n|t:|1762615602\n|-terastallize|p1a: Tornadus|Fire\n|move|p1a: Tornadus|Bleakwind Storm|p2a: Chi-Yu\n|-damage|p2a: Chi-Yu|8/100\n|move|p2a: Chi-Yu|Overheat|p1a: Tornadus\n|-resisted|p1a: Tornadus\n|-damage|p1a: Tornadus|49/100\n|-unboost|p2a: Chi-Yu|spa|2\n|\n|upkeep\n|turn|12\n|\n|t:|1762615614\n|switch|p2a: Palossand|Palossand, F|100/100\n|-activate|p2a: Palossand|move: Sticky Web\n|-unboost|p2a: Palossand|spe|1\n|move|p1a: Tornadus|Heat Wave|p2a: Palossand\n|-damage|p2a: Palossand|38/100\n|\n|upkeep\n|turn|13\n|\n|t:|1762615625\n|move|p1a: Tornadus|Heat Wave|p2a: Palossand\n|-damage|p2a: Palossand|0 fnt\n|faint|p2a: Palossand\n|\n|upkeep\n|\n|t:|1762615639\n|switch|p2a: Mimikyu|Mimikyu, F|100/100\n|-activate|p2a: Mimikyu|move: Sticky Web\n|-unboost|p2a: Mimikyu|spe|1\n|turn|14\n|\n|t:|1762615648\n|switch|p1a: Slicing Segment|Slicing Segment, F|91/100\n|move|p2a: Mimikyu|Swords Dance|p2a: Mimikyu\n|-boost|p2a: Mimikyu|atk|2\n|\n|upkeep\n|turn|15\n|\n|t:|1762615654\n|move|p1a: Slicing Segment|U-turn|p2a: Mimikyu\n|-activate|p2a: Mimikyu|ability: Disguise\n|-damage|p2a: Mimikyu|100/100\n|detailschange|p2a: Mimikyu|Mimikyu-Busted, F\n|-damage|p2a: Mimikyu|88/100|[from] pokemon: Mimikyu-Busted\n|\n|t:|1762615657\n|-end|p1a: Slicing Segment|Protosynthesis|[silent]\n|switch|p1a: Iron Treads|Iron Treads|100/100|[from] U-turn\n|move|p2a: Mimikyu|Phantom Force||[still]\n|-prepare|p2a: Mimikyu|Phantom Force\n|\n|-heal|p2a: Mimikyu|94/100|[from] item: Leftovers\n|upkeep\n|turn|16\n|\n|t:|1762615664\n|-end|p1a: Iron Treads|Quark Drive|[silent]\n|switch|p1a: Slicing Segment|Slicing Segment, F|91/100\n|move|p2a: Mimikyu|Phantom Force|p1a: Slicing Segment|[from] lockedmove\n|-damage|p1a: Slicing Segment|46/100\n|\n|-heal|p2a: Mimikyu|100/100|[from] item: Leftovers\n|upkeep\n|turn|17\n|c|☆snowpeashooter|.\n|\n|t:|1762615696\n|-terastallize|p2a: Mimikyu|Ghost\n|move|p2a: Mimikyu|Shadow Sneak|p1a: Slicing Segment\n|-damage|p1a: Slicing Segment|15/100\n|move|p1a: Slicing Segment|Glare|p2a: Mimikyu\n|-status|p2a: Mimikyu|par\n|\n|upkeep\n|turn|18\n|\n|t:|1762615705\n|move|p1a: Slicing Segment|U-turn|p2a: Mimikyu\n|-resisted|p2a: Mimikyu\n|-damage|p2a: Mimikyu|76/100 par\n|\n|t:|1762615711\n|-end|p1a: Slicing Segment|Protosynthesis|[silent]\n|switch|p1a: Iron Treads|Iron Treads|100/100|[from] U-turn\n|move|p2a: Mimikyu|Phantom Force||[still]\n|-prepare|p2a: Mimikyu|Phantom Force\n|\n|-heal|p2a: Mimikyu|82/100 par|[from] item: Leftovers\n|upkeep\n|turn|19\n|\n|t:|1762615721\n|-end|p1a: Iron Treads|Quark Drive|[silent]\n|switch|p1a: Slicing Segment|Slicing Segment, F|15/100\n|move|p2a: Mimikyu|Phantom Force|p1a: Slicing Segment|[from] lockedmove\n|-damage|p1a: Slicing Segment|0 fnt\n|faint|p1a: Slicing Segment\n|-end|p1a: Slicing Segment|Protosynthesis|[silent]\n|\n|-heal|p2a: Mimikyu|88/100 par|[from] item: Leftovers\n|upkeep\n|\n|t:|1762615725\n|switch|p1a: Iron Treads|Iron Treads|100/100\n|turn|20\n|\n|t:|1762615733\n|move|p1a: Iron Treads|Knock Off|p2a: Mimikyu\n|-supereffective|p2a: Mimikyu\n|-damage|p2a: Mimikyu|1/100 par\n|-enditem|p2a: Mimikyu|Leftovers|[from] move: Knock Off|[of] p1a: Iron Treads\n|move|p2a: Mimikyu|Phantom Force||[still]\n|-prepare|p2a: Mimikyu|Phantom Force\n|\n|upkeep\n|turn|21\n|\n|t:|1762615740\n|move|p1a: Iron Treads|Knock Off|p2a: Mimikyu|[miss]\n|-miss|p1a: Iron Treads|p2a: Mimikyu\n|move|p2a: Mimikyu|Phantom Force|p1a: Iron Treads|[from] lockedmove\n|-damage|p1a: Iron Treads|21/100\n|\n|upkeep\n|turn|22\n|\n|t:|1762615745\n|move|p2a: Mimikyu|Shadow Sneak|p1a: Iron Treads\n|-damage|p1a: Iron Treads|0 fnt\n|faint|p1a: Iron Treads\n|-end|p1a: Iron Treads|Quark Drive|[silent]\n|\n|upkeep\n|\n|t:|1762615748\n|switch|p1a: Tornadus|Tornadus-Therian, M, tera:Fire|82/100\n|turn|23\n|\n|t:|1762615751\n|move|p2a: Mimikyu|Shadow Sneak|p1a: Tornadus\n|-damage|p1a: Tornadus|32/100\n|move|p1a: Tornadus|Heat Wave|p2a: Mimikyu\n|-damage|p2a: Mimikyu|0 fnt\n|faint|p2a: Mimikyu\n|\n|upkeep\n|\n|t:|1762615770\n|switch|p2a: Howling Flare|Howling Flare, F|100/100\n|-activate|p2a: Howling Flare|move: Sticky Web\n|-unboost|p2a: Howling Flare|spe|1\n|turn|24\n|\n|t:|1762615799\n|move|p1a: Tornadus|Bleakwind Storm|p2a: Howling Flare\n|-supereffective|p2a: Howling Flare\n|-damage|p2a: Howling Flare|13/100\n|move|p2a: Howling Flare|Shadow Claw|p1a: Tornadus\n|-damage|p1a: Tornadus|0 fnt\n|faint|p1a: Tornadus\n|\n|upkeep\n|\n|t:|1762615802\n|switch|p1a: Gholdengo-Sea|Gholdengo-Sea, F|100/100\n|turn|25\n|\n|t:|1762615811\n|move|p2a: Howling Flare|Leaf Blade|p1a: Gholdengo-Sea\n|-supereffective|p1a: Gholdengo-Sea\n|-damage|p1a: Gholdengo-Sea|5/100\n|move|p1a: Gholdengo-Sea|Shadow Ball|p2a: Howling Flare\n|-supereffective|p2a: Howling Flare\n|-damage|p2a: Howling Flare|0 fnt\n|faint|p2a: Howling Flare\n|-end|p2a: Howling Flare|Protosynthesis|[silent]\n|\n|upkeep\n|c|☆liviifailure|gg\n|\n|t:|1762615819\n|switch|p2a: Chi-Yu|Chi-Yu|8/100\n|-activate|p2a: Chi-Yu|move: Sticky Web\n|-unboost|p2a: Chi-Yu|spe|1\n|-ability|p2a: Chi-Yu|Beads of Ruin\n|turn|26\n|\n|t:|1762615824\n|move|p2a: Chi-Yu|Dark Pulse|p1a: Gholdengo-Sea\n|-supereffective|p1a: Gholdengo-Sea\n|-enditem|p1a: Gholdengo-Sea|Colbur Berry|[eat]\n|-enditem|p1a: Gholdengo-Sea|Colbur Berry|[weaken]\n|-damage|p1a: Gholdengo-Sea|0 fnt\n|faint|p1a: Gholdengo-Sea\n|\n|win|liviifailure\n|c|☆snowpeashooter|gg\n","players":["snowpeashooter","liviifailure"],"format":"[Gen 9] NatDex Draft","rating":null,"private":0,"password":null,"inputlog":">version ca683b84f76c372694ea8dfc9917fe16b0ba44a0\n>start {\"formatid\":\"gen9natdexdraft@@@Tera Type Preview\",\"seed\":\"sodium,749b19a7e7da23c389a9b5f7ded239c4\"}\n>player p1 {\"name\":\"snowpeashooter\",\"avatar\":\"zinnia-masters\",\"team\":\"Greninja|GreninjaBond|Greninjite|BattleBond|SludgeWave,HydroPump,Uturn,DarkPulse|Timid|112,,,252,,144|M||||,Ghost,,,,Water]Slicing Segment||HeavyDutyBoots|Protosynthesis|StickyWeb,SlackOff,Uturn,Glare|Impish|248,,252,,8,|F||||,,,,,Bug]Gholdengo-Sea||ColburBerry|GoodasGold|ShadowBall,Recover,NastyPlot,HydroPump|Modest|248,,,252,8,|F|,0,,,,|||,,,,,Ghost]Tornadus|TornadusTherian|HeavyDutyBoots|Regenerator|BleakwindStorm,HeatWave,NastyPlot,Taunt|Timid|192,,,108,56,152|M|,0,,,,|||,,,,,Fire]Ogerpon|OgerponCornerstone|CornerstoneMask|Sturdy|IvyCudgel,SwordsDance,Taunt,HornLeech|Jolly|,252,,,4,252|F||||,Poison,,,,Rock]Iron Treads||ChoiceScarf|QuarkDrive|Earthquake,VoltSwitch,KnockOff,StealthRock|Jolly|44,252,,,4,208|N||||,,,,,Ground\",\"rating\":0}\n>player p2 {\"name\":\"liviifailure\",\"avatar\":\"iris-gen5bw2\",\"team\":\"Mimikyu||Leftovers|Disguise|SwordsDance,ShadowSneak,PlayRough,PhantomForce|Jolly|88,252,,,,168|F||||,,,,,Ghost]Palossand||ColburBerry|WaterCompaction|EarthPower,Bulldoze,ShoreUp,StealthRock|Calm|248,,,8,252,|F||||,,,,,Stellar]Keldeo|KeldeoResolute|ChoiceScarf|Justified|HydroPump,SecretSword,VacuumWave,FlipTurn|Modest|104,,,252,4,148|N||||,,,,,Stellar]Corviknight||Corviknightite|MirrorArmor|Hurricane,BodyPress,Roost,Uturn|Bold|248,,252,8,,|F||||,,,,,Stellar]Chi-Yu||ChoiceScarf|BeadsofRuin|Overheat,Flamethrower,DarkPulse,WillOWisp|Modest|16,,,252,,240|N|,0,,,,|||,,,,,Stellar]Howling Flare||BoosterEnergy|Protosynthesis|LeafBlade,ShadowClaw,CloseCombat,SwordsDance|Adamant|184,252,,,,72|F||||,,,,,Stellar\",\"rating\":0}\n>chat ☆liviifailure|glhf\n>p1 team 6, 2, 3, 4, 5, 1\n>p2 team 6, 2, 3, 4, 5, 1\n>p1 switch 2\n>p2 move closecombat\n>p1 move stickyweb\n>p2 switch 5\n>p1 switch 6\n>p2 move overheat\n>p1 move uturn\n>p2 move overheat\n>p1 switch 5\n>p1 move swordsdance\n>p2 switch 4\n>chat ☆snowpeashooter|.\n>chat ☆snowpeashooter|.\n>p1 move taunt\n>p2 move bodypress mega\n>chat ☆snowpeashooter|ok idk why\n>chat ☆snowpeashooter|I forgot about that\n>chat ☆snowpeashooter|oops\n>chat ☆liviifailure|:sob:\n>p1 move ivycudgel\n>p2 move uturn\n>p2 switch 4\n>p1 switch 2\n>p1 move voltswitch\n>p2 switch 4\n>p1 switch 4\n>p1 move nastyplot\n>p2 move roost\n>p1 move heatwave\n>p2 move hurricane\n>p2 switch 4\n>p1 move bleakwindstorm terastallize\n>p2 move overheat\n>p1 move heatwave\n>p2 switch 2\n>p1 move heatwave\n>p2 move earthpower\n>p2 switch 6\n>p1 switch 6\n>p2 move swordsdance\n>p1 move uturn\n>p2 move phantomforce\n>p1 switch 4\n>p1 switch 4\n>p2 move phantomforce\n>chat ☆snowpeashooter|.\n>p1 move glare\n>p2 move shadowsneak terastallize\n>p1 move uturn\n>p2 move phantomforce\n>p1 switch 4\n>p1 switch 4\n>p2 move phantomforce\n>p1 switch 4\n>p1 move knockoff\n>p2 move phantomforce\n>p1 move knockoff\n>p2 move phantomforce\n>p1 move knockoff\n>p2 move shadowsneak\n>p1 switch 6\n>p1 move heatwave\n>p2 move shadowsneak\n>p2 switch 5\n>p1 move bleakwindstorm\n>p2 move shadowclaw\n>p1 switch 3\n>p1 move shadowball\n>p2 move leafblade\n>chat ☆liviifailure|gg\n>p2 switch 2\n>p1 move recover\n>p2 move darkpulse","uploadtime":1762615829}