{"id":"gen9natdexdraft-508","log":"|j|☆MayFortune\n|j|☆gravitationalballs\n|t:|1768629296\n|gametype|singles\n|player|p1|MayFortune|steven-masters|\n|player|p2|gravitationalballs|2|\n|gen|9\n|tier|[Gen 9] NatDex Draft\n|rule|Sleep Clause Mod: Limit one foe put to sleep\n|rule|OHKO Clause: OHKO moves are banned\n|rule|Evasion Clause: Evasion abilities, items, and moves are banned\n|rule|Evasion Abilities Clause: Evasion abilities are banned\n|rule|Evasion Items Clause: Evasion items are banned\n|rule|Evasion Moves Clause: Evasion moves are banned\n|rule|Endless Battle Clause: Forcing endless battles is banned\n|rule|HP Percentage Mod: HP is shown in percentages\n|clearpoke\n|poke|p1|Mandibuzz, F|\n|poke|p1|Gastrodon, M|\n|poke|p1|Lopunny, M|\n|poke|p1|Weavile, F|\n|poke|p1|Latios, M|\n|poke|p1|Donphan, M|\n|poke|p2|Alomomola, M|\n|poke|p2|Gliscor, F|\n|poke|p2|Melmetal|\n|poke|p2|Falinks|\n|poke|p2|Roaring Moon|\n|poke|p2|Gouging Fire|\n|teampreview\n|c|☆gravitationalballs|TS IS SO MUCH AURA\n|c|☆MayFortune|hf man \n|c|☆gravitationalballs|no\n|c|☆gravitationalballs|you have fun\n|c|☆MayFortune|will try \n|\n|t:|1768629324\n|teamsize|p1|6\n|teamsize|p2|6\n|start\n|switch|p1a: Latios|Latios, M|100/100\n|switch|p2a: fondling my orb|Gliscor, F|100/100\n|turn|1\n|\n|t:|1768629336\n|move|p2a: fondling my orb|Protect|p2a: fondling my orb\n|-singleturn|p2a: fondling my orb|Protect\n|move|p1a: Latios|Draco Meteor|p2a: fondling my orb\n|-activate|p2a: fondling my orb|move: Protect\n|\n|-status|p2a: fondling my orb|tox|[from] item: Toxic Orb\n|upkeep\n|turn|2\n|\n|t:|1768629352\n|switch|p2a: smellmetal 👃|Melmetal|100/100\n|move|p1a: Latios|Draco Meteor|p2a: smellmetal 👃\n|-resisted|p2a: smellmetal 👃\n|-damage|p2a: smellmetal 👃|84/100\n|-unboost|p1a: Latios|spa|2\n|\n|upkeep\n|turn|3\n|c|☆MayFortune|wow that bounced off wtf\n|\n|t:|1768629382\n|switch|p1a: Gastrodon|Gastrodon, M|100/100\n|move|p2a: smellmetal 👃|Earthquake|p1a: Gastrodon\n|-damage|p1a: Gastrodon|77/100\n|\n|upkeep\n|turn|4\n|c|☆gravitationalballs|hold on\n|c|☆gravitationalballs|pizza coming out the oven\n|c|☆MayFortune|aight \n|\n|t:|1768629644\n|switch|p2a: fondling my orb|Gliscor, F|100/100 tox\n|move|p1a: Gastrodon|Spikes|p2a: fondling my orb\n|-sidestart|p2: gravitationalballs|Spikes\n|\n|upkeep\n|turn|5\n|\n|t:|1768629658\n|move|p2a: fondling my orb|Knock Off|p1a: Gastrodon\n|-damage|p1a: Gastrodon|60/100\n|-damage|p2a: fondling my orb|84/100 tox|[from] item: Rocky Helmet|[of] p1a: Gastrodon\n|-enditem|p1a: Gastrodon|Rocky Helmet|[from] move: Knock Off|[of] p2a: fondling my orb\n|move|p1a: Gastrodon|Spikes|p2a: fondling my orb\n|-sidestart|p2: gravitationalballs|Spikes\n|\n|-heal|p2a: fondling my orb|96/100 tox|[from] ability: Poison Heal\n|upkeep\n|turn|6\n|\n|t:|1768629669\n|move|p2a: fondling my orb|Toxic|p1a: Gastrodon\n|-status|p1a: Gastrodon|tox\n|move|p1a: Gastrodon|Recover|p1a: Gastrodon\n|-heal|p1a: Gastrodon|100/100 tox\n|\n|-heal|p2a: fondling my orb|100/100 tox|[from] ability: Poison Heal\n|-damage|p1a: Gastrodon|94/100 tox|[from] psn\n|upkeep\n|turn|7\n|\n|t:|1768629675\n|switch|p1a: Weavile|Weavile, F|100/100\n|-ability|p1a: Weavile|Pressure\n|move|p2a: fondling my orb|Stealth Rock|p1a: Weavile\n|-sidestart|p1: MayFortune|move: Stealth Rock\n|\n|upkeep\n|turn|8\n|\n|t:|1768629685\n|switch|p2a: fih without the S|Alomomola, M|100/100\n|-damage|p2a: fih without the S|84/100|[from] Spikes\n|move|p1a: Weavile|Knock Off|p2a: fih without the S\n|-damage|p2a: fih without the S|53/100\n|-damage|p1a: Weavile|84/100|[from] item: Rocky Helmet|[of] p2a: fih without the S\n|-enditem|p2a: fih without the S|Rocky Helmet|[from] move: Knock Off|[of] p1a: Weavile\n|\n|upkeep\n|turn|9\n|\n|t:|1768629694\n|switch|p1a: Gastrodon|Gastrodon, M|94/100 tox\n|-damage|p1a: Gastrodon|88/100 tox|[from] Stealth Rock\n|move|p2a: fih without the S|Wish|p2a: fih without the S\n|\n|-damage|p1a: Gastrodon|82/100 tox|[from] psn\n|upkeep\n|turn|10\n|\n|t:|1768629700\n|switch|p2a: smellmetal 👃|Melmetal|84/100\n|-damage|p2a: smellmetal 👃|68/100|[from] Spikes\n|move|p1a: Gastrodon|Spikes|p2a: smellmetal 👃\n|-sidestart|p2: gravitationalballs|Spikes\n|\n|-heal|p2a: smellmetal 👃|100/100|[from] move: Wish|[wisher] fih without the S\n|-damage|p1a: Gastrodon|70/100 tox|[from] psn\n|upkeep\n|turn|11\n|\n|t:|1768629731\n|switch|p2a: fondling my orb|Gliscor, F|100/100 tox\n|move|p1a: Gastrodon|Earthquake|p2a: fondling my orb\n|-immune|p2a: fondling my orb\n|\n|-damage|p1a: Gastrodon|52/100 tox|[from] psn\n|upkeep\n|turn|12\n|\n|t:|1768629748\n|move|p2a: fondling my orb|Protect|p2a: fondling my orb\n|-singleturn|p2a: fondling my orb|Protect\n|move|p1a: Gastrodon|Recover|p1a: Gastrodon\n|-heal|p1a: Gastrodon|100/100 tox\n|\n|-damage|p1a: Gastrodon|76/100 tox|[from] psn\n|upkeep\n|turn|13\n|\n|t:|1768629771\n|switch|p1a: Lopunny|Lopunny, M|100/100\n|-damage|p1a: Lopunny|88/100|[from] Stealth Rock\n|move|p2a: fondling my orb|Knock Off|p1a: Lopunny\n|-damage|p1a: Lopunny|68/100\n|\n|upkeep\n|turn|14\n|\n|t:|1768629782\n|switch|p2a: fih without the S|Alomomola, M|86/100\n|-damage|p2a: fih without the S|61/100|[from] Spikes\n|detailschange|p1a: Lopunny|Lopunny-Mega, M\n|-mega|p1a: Lopunny|Lopunny|Lopunnite\n|move|p1a: Lopunny|Triple Axel|p2a: fih without the S\n|-resisted|p2a: fih without the S\n|-crit|p2a: fih without the S\n|-damage|p2a: fih without the S|57/100\n|-hitcount|p2a: fih without the S|1\n|\n|upkeep\n|turn|15\n|\n|t:|1768629793\n|move|p1a: Lopunny|Close Combat|p2a: fih without the S\n|-damage|p2a: fih without the S|12/100\n|-unboost|p1a: Lopunny|def|1\n|-unboost|p1a: Lopunny|spd|1\n|move|p2a: fih without the S|Wish|p2a: fih without the S\n|\n|upkeep\n|turn|16\n|\n|t:|1768629804\n|switch|p1a: Mandibuzz|Mandibuzz, F|100/100\n|move|p2a: fih without the S|Protect||[still]\n|-fail|p2a: fih without the S\n|\n|-heal|p2a: fih without the S|62/100|[from] move: Wish|[wisher] fih without the S\n|upkeep\n|turn|17\n|\n|t:|1768629812\n|move|p1a: Mandibuzz|Taunt|p2a: fih without the S\n|-start|p2a: fih without the S|move: Taunt\n|cant|p2a: fih without the S|move: Taunt|Wish\n|\n|upkeep\n|turn|18\n|\n|t:|1768629818\n|switch|p2a: fondling my orb|Gliscor, F|100/100 tox\n|move|p1a: Mandibuzz|Taunt|p2a: fondling my orb\n|-start|p2a: fondling my orb|move: Taunt\n|\n|upkeep\n|turn|19\n|\n|t:|1768629827\n|move|p2a: fondling my orb|Knock Off|p1a: Mandibuzz\n|-resisted|p1a: Mandibuzz\n|-crit|p1a: Mandibuzz\n|-damage|p1a: Mandibuzz|92/100\n|-enditem|p1a: Mandibuzz|Heavy-Duty Boots|[from] move: Knock Off|[of] p2a: fondling my orb\n|move|p1a: Mandibuzz|Foul Play|p2a: fondling my orb\n|-damage|p2a: fondling my orb|81/100 tox\n|\n|-heal|p2a: fondling my orb|93/100 tox|[from] ability: Poison Heal\n|upkeep\n|turn|20\n|\n|t:|1768629848\n|switch|p1a: Lopunny|Lopunny-Mega, M|68/100\n|-damage|p1a: Lopunny|62/100|[from] Stealth Rock\n|move|p2a: fondling my orb|Knock Off|p1a: Lopunny\n|-resisted|p1a: Lopunny\n|-damage|p1a: Lopunny|54/100\n|\n|-heal|p2a: fondling my orb|100/100 tox|[from] ability: Poison Heal\n|-end|p2a: fondling my orb|move: Taunt\n|upkeep\n|turn|21\n|\n|t:|1768629868\n|switch|p2a: fih without the S|Alomomola, M|95/100\n|-damage|p2a: fih without the S|70/100|[from] Spikes\n|move|p1a: Lopunny|Close Combat|p2a: fih without the S\n|-damage|p2a: fih without the S|31/100\n|-unboost|p1a: Lopunny|def|1\n|-unboost|p1a: Lopunny|spd|1\n|\n|upkeep\n|turn|22\n|\n|t:|1768629892\n|move|p1a: Lopunny|Close Combat|p2a: fih without the S\n|-crit|p2a: fih without the S\n|-damage|p2a: fih without the S|0 fnt\n|-unboost|p1a: Lopunny|def|1\n|-unboost|p1a: Lopunny|spd|1\n|faint|p2a: fih without the S\n|\n|upkeep\n|\n|t:|1768629899\n|switch|p2a: placenta|Roaring Moon|100/100\n|-damage|p2a: placenta|76/100|[from] Spikes\n|turn|23\n|\n|t:|1768629906\n|switch|p1a: Mandibuzz|Mandibuzz, F|92/100\n|-damage|p1a: Mandibuzz|67/100|[from] Stealth Rock\n|move|p2a: placenta|Outrage|p1a: Mandibuzz\n|-damage|p1a: Mandibuzz|28/100\n|\n|upkeep\n|turn|24\n|\n|t:|1768629926\n|switch|p1a: Gastrodon|Gastrodon, M|76/100 tox\n|-damage|p1a: Gastrodon|70/100 tox|[from] Stealth Rock\n|move|p2a: placenta|Outrage|p1a: Gastrodon|[from] lockedmove\n|-damage|p1a: Gastrodon|24/100 tox\n|-start|p2a: placenta|confusion|[fatigue]\n|\n|-damage|p1a: Gastrodon|18/100 tox|[from] psn\n|upkeep\n|turn|25\n|\n|t:|1768629939\n|-activate|p2a: placenta|confusion\n|-damage|p2a: placenta|59/100|[from] confusion\n|move|p1a: Gastrodon|Recover|p1a: Gastrodon\n|-heal|p1a: Gastrodon|68/100 tox\n|\n|-damage|p1a: Gastrodon|56/100 tox|[from] psn\n|upkeep\n|turn|26\n|\n|t:|1768629951\n|-end|p2a: placenta|Protosynthesis|[silent]\n|switch|p2a: fondling my orb|Gliscor, F|100/100 tox\n|move|p1a: Gastrodon|Earthquake|p2a: fondling my orb\n|-immune|p2a: fondling my orb\n|\n|-damage|p1a: Gastrodon|37/100 tox|[from] psn\n|upkeep\n|turn|27\n|\n|t:|1768629963\n|move|p2a: fondling my orb|Knock Off|p1a: Gastrodon\n|-damage|p1a: Gastrodon|27/100 tox\n|move|p1a: Gastrodon|Recover|p1a: Gastrodon\n|-heal|p1a: Gastrodon|77/100 tox\n|\n|-damage|p1a: Gastrodon|53/100 tox|[from] psn\n|upkeep\n|turn|28\n|\n|t:|1768629975\n|move|p2a: fondling my orb|Knock Off|p1a: Gastrodon\n|-damage|p1a: Gastrodon|43/100 tox\n|move|p1a: Gastrodon|Recover|p1a: Gastrodon\n|-heal|p1a: Gastrodon|93/100 tox\n|\n|-damage|p1a: Gastrodon|62/100 tox|[from] psn\n|upkeep\n|turn|29\n|\n|t:|1768629981\n|switch|p1a: Donphan|Donphan, M|100/100\n|move|p2a: fondling my orb|Knock Off|p1a: Donphan\n|-damage|p1a: Donphan|85/100\n|-enditem|p1a: Donphan|Heavy-Duty Boots|[from] move: Knock Off|[of] p2a: fondling my orb\n|\n|upkeep\n|turn|30\n|\n|t:|1768629989\n|move|p2a: fondling my orb|Toxic|p1a: Donphan\n|-status|p1a: Donphan|tox\n|move|p1a: Donphan|Ice Spinner|p2a: fondling my orb\n|-supereffective|p2a: fondling my orb\n|-damage|p2a: fondling my orb|33/100 tox\n|\n|-heal|p2a: fondling my orb|45/100 tox|[from] ability: Poison Heal\n|-damage|p1a: Donphan|79/100 tox|[from] psn\n|upkeep\n|turn|31\n|\n|t:|1768629995\n|move|p2a: fondling my orb|Protect|p2a: fondling my orb\n|-singleturn|p2a: fondling my orb|Protect\n|move|p1a: Donphan|Ice Spinner|p2a: fondling my orb\n|-activate|p2a: fondling my orb|move: Protect\n|\n|-heal|p2a: fondling my orb|58/100 tox|[from] ability: Poison Heal\n|-damage|p1a: Donphan|67/100 tox|[from] psn\n|upkeep\n|turn|32\n|\n|t:|1768630010\n|switch|p2a: urethra|Gouging Fire|100/100\n|move|p1a: Donphan|Rapid Spin|p2a: urethra\n|-damage|p2a: urethra|88/100\n|-boost|p1a: Donphan|spe|1\n|-sideend|p1: MayFortune|Stealth Rock|[from] move: Rapid Spin|[of] p1a: Donphan\n|\n|-damage|p1a: Donphan|49/100 tox|[from] psn\n|upkeep\n|turn|33\n|\n|t:|1768630025\n|move|p2a: urethra|Breaking Swipe|p1a: Donphan\n|-damage|p1a: Donphan|30/100 tox\n|-unboost|p1a: Donphan|atk|1\n|move|p1a: Donphan|Earthquake|p2a: urethra\n|-supereffective|p2a: urethra\n|-damage|p2a: urethra|37/100\n|\n|-damage|p1a: Donphan|6/100 tox|[from] psn\n|upkeep\n|turn|34\n|\n|t:|1768630033\n|move|p2a: urethra|Morning Sun|p2a: urethra\n|-heal|p2a: urethra|87/100\n|move|p1a: Donphan|Ice Spinner|p2a: urethra\n|-damage|p2a: urethra|73/100\n|\n|-damage|p1a: Donphan|0 fnt|[from] psn\n|faint|p1a: Donphan\n|upkeep\n|\n|t:|1768630048\n|switch|p1a: Latios|Latios, M|100/100\n|turn|35\n|\n|t:|1768630051\n|move|p2a: urethra|Burning Bulwark|p2a: urethra\n|-singleturn|p2a: urethra|move: Protect\n|move|p1a: Latios|Flip Turn|p2a: urethra\n|-activate|p2a: urethra|move: Protect\n|-status|p1a: Latios|brn\n|\n|-damage|p1a: Latios|94/100 brn|[from] brn\n|upkeep\n|turn|36\n|\n|t:|1768630061\n|move|p1a: Latios|Flip Turn|p2a: urethra\n|-damage|p2a: urethra|69/100\n|\n|t:|1768630064\n|switch|p1a: Gastrodon|Gastrodon, M|62/100 tox|[from] Flip Turn\n|move|p2a: urethra|Breaking Swipe|p1a: Gastrodon\n|-damage|p1a: Gastrodon|43/100 tox\n|-unboost|p1a: Gastrodon|atk|1\n|\n|-damage|p1a: Gastrodon|36/100 tox|[from] psn\n|upkeep\n|turn|37\n|\n|t:|1768630080\n|-end|p2a: urethra|Protosynthesis|[silent]\n|switch|p2a: fondling my orb|Gliscor, F|58/100 tox\n|switch|p1a: Lopunny|Lopunny-Mega, M|54/100\n|\n|-heal|p2a: fondling my orb|70/100 tox|[from] ability: Poison Heal\n|upkeep\n|turn|38\n|\n|t:|1768630092\n|move|p2a: fondling my orb|Protect|p2a: fondling my orb\n|-singleturn|p2a: fondling my orb|Protect\n|move|p1a: Lopunny|Triple Axel|p2a: fondling my orb\n|-activate|p2a: fondling my orb|move: Protect\n|\n|-heal|p2a: fondling my orb|82/100 tox|[from] ability: Poison Heal\n|upkeep\n|turn|39\n|\n|t:|1768630151\n|switch|p2a: urethra|Gouging Fire|69/100\n|move|p1a: Lopunny|Triple Axel|p2a: urethra\n|-damage|p2a: urethra|63/100\n|-damage|p2a: urethra|54/100\n|-damage|p2a: urethra|37/100\n|-hitcount|p2a: urethra|3\n|\n|upkeep\n|turn|40\n|\n|t:|1768630166\n|move|p2a: urethra|Burning Bulwark|p2a: urethra\n|-singleturn|p2a: urethra|move: Protect\n|move|p1a: Lopunny|Close Combat|p2a: urethra\n|-activate|p2a: urethra|move: Protect\n|-status|p1a: Lopunny|brn\n|\n|-damage|p1a: Lopunny|48/100 brn|[from] brn\n|upkeep\n|turn|41\n|\n|t:|1768630175\n|move|p1a: Lopunny|Facade|p2a: urethra\n|-crit|p2a: urethra\n|-damage|p2a: urethra|0 fnt\n|faint|p2a: urethra\n|-end|p2a: urethra|Protosynthesis|[silent]\n|\n|-damage|p1a: Lopunny|42/100 brn|[from] brn\n|upkeep\n|\n|t:|1768630189\n|switch|p2a: fallus|Falinks|100/100\n|-damage|p2a: fallus|76/100|[from] Spikes\n|turn|42\n|\n|t:|1768630198\n|detailschange|p2a: fallus|Falinks-Mega-ZA\n|-mega|p2a: fallus|Falinks|FalinksiteZA\n|move|p1a: Lopunny|Facade|p2a: fallus\n|-damage|p2a: fallus|27/100\n|move|p2a: fallus|Body Press|p1a: Lopunny\n|-supereffective|p1a: Lopunny\n|-damage|p1a: Lopunny|0 fnt\n|faint|p1a: Lopunny\n|detailschange|p1: Lopunny|Lopunny, M|[silent]\n|\n|upkeep\n|\n|t:|1768630278\n|switch|p1a: Latios|Latios, M|94/100 brn\n|turn|43\n|\n|t:|1768630291\n|switch|p2a: smellmetal 👃|Melmetal|100/100\n|-damage|p2a: smellmetal 👃|76/100|[from] Spikes\n|move|p1a: Latios|Luster Purge|p2a: smellmetal 👃\n|-resisted|p2a: smellmetal 👃\n|-damage|p2a: smellmetal 👃|63/100\n|-unboost|p2a: smellmetal 👃|spd|1\n|\n|-damage|p1a: Latios|88/100 brn|[from] brn\n|upkeep\n|turn|44\n|\n|t:|1768630323\n|switch|p1a: Gastrodon|Gastrodon, M|36/100 tox\n|move|p2a: smellmetal 👃|Double Iron Bash|p1a: Gastrodon\n|-resisted|p1a: Gastrodon\n|-damage|p1a: Gastrodon|24/100 tox\n|-resisted|p1a: Gastrodon\n|-damage|p1a: Gastrodon|11/100 tox\n|-hitcount|p1a: Gastrodon|2\n|\n|-damage|p1a: Gastrodon|4/100 tox|[from] psn\n|upkeep\n|turn|45\n|\n|t:|1768630337\n|move|p1a: Gastrodon|Earthquake|p2a: smellmetal 👃\n|-supereffective|p2a: smellmetal 👃\n|-damage|p2a: smellmetal 👃|30/100\n|move|p2a: smellmetal 👃|Double Iron Bash|p1a: Gastrodon\n|-resisted|p1a: Gastrodon\n|-damage|p1a: Gastrodon|0 fnt\n|faint|p1a: Gastrodon\n|-hitcount|p1: Gastrodon|1\n|\n|upkeep\n|\n|t:|1768630396\n|switch|p1a: Mandibuzz|Mandibuzz, F|28/100\n|turn|46\n|\n|t:|1768630411\n|switch|p2a: fondling my orb|Gliscor, F|82/100 tox\n|move|p1a: Mandibuzz|Foul Play|p2a: fondling my orb\n|-damage|p2a: fondling my orb|62/100 tox\n|\n|-heal|p2a: fondling my orb|75/100 tox|[from] ability: Poison Heal\n|upkeep\n|turn|47\n|\n|t:|1768630425\n|move|p2a: fondling my orb|Stealth Rock|p1a: Mandibuzz\n|-sidestart|p1: MayFortune|move: Stealth Rock\n|move|p1a: Mandibuzz|Taunt|p2a: fondling my orb\n|-start|p2a: fondling my orb|move: Taunt\n|\n|-heal|p2a: fondling my orb|87/100 tox|[from] ability: Poison Heal\n|upkeep\n|turn|48\n|\n|t:|1768630440\n|switch|p1a: Weavile|Weavile, F|84/100\n|-ability|p1a: Weavile|Pressure\n|move|p2a: fondling my orb|Knock Off|p1a: Weavile\n|-resisted|p1a: Weavile\n|-damage|p1a: Weavile|66/100\n|-enditem|p1a: Weavile|Heavy-Duty Boots|[from] move: Knock Off|[of] p2a: fondling my orb\n|\n|-heal|p2a: fondling my orb|99/100 tox|[from] ability: Poison Heal\n|upkeep\n|turn|49\n|\n|t:|1768630468\n|switch|p2a: fallus|Falinks-Mega-ZA|27/100\n|-damage|p2a: fallus|2/100|[from] Spikes\n|move|p1a: Weavile|Triple Axel|p2a: fallus\n|-crit|p2a: fallus\n|-damage|p2a: fallus|0 fnt\n|faint|p2a: fallus\n|detailschange|p2: fallus|Falinks|[silent]\n|-hitcount|p2: fallus|1\n|\n|upkeep\n|\n|t:|1768630478\n|switch|p2a: placenta|Roaring Moon|59/100\n|-damage|p2a: placenta|34/100|[from] Spikes\n|turn|50\n|\n|t:|1768630483\n|move|p1a: Weavile|Ice Shard|p2a: placenta\n|-supereffective|p2a: placenta\n|-damage|p2a: placenta|0 fnt\n|faint|p2a: placenta\n|-end|p2a: placenta|Protosynthesis|[silent]\n|\n|upkeep\n|\n|t:|1768630508\n|switch|p2a: fondling my orb|Gliscor, F|99/100 tox\n|turn|51\n|\n|t:|1768630512\n|move|p1a: Weavile|Triple Axel|p2a: fondling my orb\n|-supereffective|p2a: fondling my orb\n|-damage|p2a: fondling my orb|78/100 tox\n|-supereffective|p2a: fondling my orb\n|-damage|p2a: fondling my orb|33/100 tox\n|-supereffective|p2a: fondling my orb\n|-damage|p2a: fondling my orb|0 fnt\n|faint|p2a: fondling my orb\n|-hitcount|p2: fondling my orb|3\n|\n|upkeep\n|c|☆MayFortune|gg\n|c|☆gravitationalballs|gg\n|-message|gravitationalballs forfeited.\n|\n|win|MayFortune\n|l|☆gravitationalballs\n|player|p2|\n","players":["MayFortune","gravitationalballs"],"format":"[Gen 9] NatDex Draft","rating":null,"private":0,"password":null,"inputlog":">version 36cf988d66dbad4151963a7bc9d9267feedacf40\n>start {\"formatid\":\"gen9natdexdraft\",\"seed\":\"sodium,6ca4a24ae7fee7c18190224f43d29e98\"}\n>player p1 {\"name\":\"MayFortune\",\"avatar\":\"steven-masters\",\"team\":\"Mandibuzz||HeavyDutyBoots|BigPecks|FoulPlay,Taunt,Toxic,Roost|Bold|248,,252,,8,|F|,0,,,,|||,,,,,Dark]Gastrodon||RockyHelmet|StormDrain|Spikes,Recover,Earthquake,ClearSmog|Impish|248,,232,,,28|M||||,,,,,Water]Lopunny||Lopunnite|Limber|FakeOut,CloseCombat,TripleAxel,Facade|Jolly|128,252,,,,128|M||||,,,,,Normal]Weavile||HeavyDutyBoots|Pressure|SwordsDance,KnockOff,TripleAxel,IceShard|Jolly|48,252,,,,208|F||||,,,,,Dark]Latios||ChoiceScarf|Levitate|DracoMeteor,FlipTurn,LusterPurge,Memento|Timid|80,,,252,,176|M||||,,,,,Dragon]Donphan||HeavyDutyBoots|Sturdy|Earthquake,IceSpinner,RapidSpin,IceShard|Adamant|248,252,,,8,|M||||,,,,,Ground\",\"rating\":0}\n>player p2 {\"name\":\"gravitationalballs\",\"avatar\":\"2\",\"team\":\"fih without the S|Alomomola|RockyHelmet|Regenerator|Wish,FlipTurn,Scald,Protect|Calm|16,,252,,240,|M||||,,,,,Water]fondling my orb|Gliscor|ToxicOrb|PoisonHeal|Protect,KnockOff,Toxic,StealthRock|Impish|252,,252,,4,|F||||,,,,,Ground]smellmetal 👃|Melmetal|AssaultVest|IronFist|DoubleIronBash,IcePunch,Earthquake,DarkestLariat|Careful|252,4,,,252,|N||||,,,,,Steel]fallus|Falinks|FalinksiteZA|BattleArmor|BodyPress,Trailblaze,NoRetreat,IronDefense|Impish|252,4,20,,,232|N||||,,,,,Fighting]placenta|RoaringMoon|ChoiceScarf|Protosynthesis|Uturn,KnockOff,IronHead,Outrage|Jolly|,252,68,,,188|N||||,,,,,Dragon]urethra|GougingFire|HeavyDutyBoots|Protosynthesis|BreakingSwipe,BurningBulwark,MorningSun,HeatCrash|Jolly|252,56,,,,200|N||||,Fighting,,,,Fire\",\"rating\":0}\n>chat ☆gravitationalballs|TS IS SO MUCH AURA\n>chat ☆MayFortune|hf man \n>chat ☆gravitationalballs|no\n>chat ☆gravitationalballs|you have fun\n>chat ☆MayFortune|will try \n>p1 team 5, 2, 3, 4, 1, 6\n>p2 team 2, 1, 3, 4, 5, 6\n>p1 move dracometeor\n>p2 move protect\n>p1 move dracometeor\n>p2 switch 3\n>chat ☆MayFortune|wow that bounced off wtf\n>p1 switch 2\n>p2 move earthquake\n>chat ☆gravitationalballs|hold on\n>chat ☆gravitationalballs|pizza coming out the oven\n>chat ☆MayFortune|aight \n>p1 move spikes\n>p2 switch 3\n>p1 move spikes\n>p2 move knockoff\n>p1 move recover\n>p2 move toxic\n>p1 switch 4\n>p2 move stealthrock\n>p1 move knockoff\n>p2 switch 2\n>p1 switch 4\n>p2 move wish\n>p1 move spikes\n>p2 switch 3\n>p1 move earthquake\n>p2 switch 2\n>p1 move recover\n>p2 move protect\n>p1 switch 3\n>p2 move knockoff\n>p1 move tripleaxel mega\n>p2 switch 3\n>p1 move closecombat\n>p2 move wish\n>p1 switch 5\n>p2 move protect\n>p1 move taunt\n>p2 move wish\n>p1 move taunt\n>p2 switch 3\n>p1 move foulplay\n>p2 move knockoff\n>p1 switch 5\n>p2 move knockoff\n>p1 move closecombat\n>p2 switch 3\n>p1 move closecombat\n>p2 move wish\n>p2 switch 5\n>p1 switch 5\n>p2 move outrage\n>p1 switch 3\n>p2 move outrage\n>p1 move recover\n>p2 move outrage\n>p1 move earthquake\n>p2 switch 3\n>p1 move recover\n>p2 move knockoff\n>p1 move recover\n>p2 move knockoff\n>p1 switch 6\n>p2 move knockoff\n>p1 move icespinner\n>p2 move toxic\n>p1 move icespinner\n>p2 move protect\n>p1 move rapidspin\n>p2 switch 6\n>p1 move earthquake\n>p2 move breakingswipe\n>p1 move icespinner\n>p2 move morningsun\n>p1 switch 2\n>p1 move flipturn\n>p2 move burningbulwark\n>p1 move flipturn\n>p2 move breakingswipe\n>p1 switch 6\n>p1 switch 5\n>p2 switch 6\n>p1 move tripleaxel\n>p2 move protect\n>p1 move tripleaxel\n>p2 switch 6\n>p1 move closecombat\n>p2 move burningbulwark\n>p1 move facade\n>p2 move morningsun\n>p2 switch 4\n>p1 move facade\n>p2 move bodypress mega\n>p1 switch 6\n>p1 move lusterpurge\n>p2 switch 2\n>p1 switch 5\n>p2 move doubleironbash\n>p1 move earthquake\n>p2 move doubleironbash\n>p1 switch 3\n>p1 move foulplay\n>p2 switch 6\n>p1 move taunt\n>p2 move stealthrock\n>p1 switch 4\n>p2 move knockoff\n>p1 move tripleaxel\n>p2 switch 2\n>p2 switch 3\n>p1 move iceshard\n>p2 move outrage\n>p2 switch 2\n>p1 move tripleaxel\n>p2 move toxic\n>chat ☆MayFortune|gg\n>chat ☆gravitationalballs|gg\n>forcelose p2","uploadtime":1768630526}