{"id":"gen9natdexdraft-214","log":"|j|☆terrabite\n|j|☆raonar303\n|t:|1766320666\n|gametype|singles\n|player|p1|terrabite|266|\n|player|p2|raonar303|101|\n|gen|9\n|tier|[Gen 9] NatDex Draft\n|rule|Sleep Clause Mod: Limit one foe put to sleep\n|rule|OHKO Clause: OHKO moves are banned\n|rule|Evasion Clause: Evasion abilities, items, and moves are banned\n|rule|Evasion Abilities Clause: Evasion abilities are banned\n|rule|Evasion Items Clause: Evasion items are banned\n|rule|Evasion Moves Clause: Evasion moves are banned\n|rule|Endless Battle Clause: Forcing endless battles is banned\n|rule|HP Percentage Mod: HP is shown in percentages\n|clearpoke\n|poke|p1|Scrafty, F|\n|poke|p1|Thundurus, M|\n|poke|p1|Spectrier|\n|poke|p1|Ogerpon-Wellspring, F|\n|poke|p1|Glimmora, F|\n|poke|p1|Scizor, M|\n|poke|p2|Zeraora|\n|poke|p2|Ninetales-Alola, M|\n|poke|p2|Nihilego|\n|poke|p2|Skarmory, M|\n|poke|p2|Flygon, F|\n|poke|p2|Mew|\n|teampreview\n|c|☆terrabite|hf\n|c|☆raonar303|u2\n|\n|t:|1766320749\n|teamsize|p1|6\n|teamsize|p2|6\n|start\n|switch|p1a: Thundurus|Thundurus, M|100/100\n|switch|p2a: Mew|Mew|100/100\n|turn|1\n|\n|t:|1766320799\n|move|p1a: Thundurus|U-turn|p2a: Mew\n|-supereffective|p2a: Mew\n|-damage|p2a: Mew|66/100\n|\n|t:|1766320897\n|switch|p1a: Scrafty|Scrafty, F|100/100|[from] U-turn\n|-ability|p1a: Scrafty|Intimidate|boost\n|-unboost|p2a: Mew|atk|1\n|move|p2a: Mew|U-turn|p1a: Scrafty\n|-damage|p1a: Scrafty|86/100\n|\n|t:|1766320904\n|switch|p2a: Ninetales|Ninetales-Alola, M|100/100|[from] U-turn\n|-weather|Snowscape|[from] ability: Snow Warning|[of] p2a: Ninetales\n|\n|-weather|Snowscape|[upkeep]\n|upkeep\n|turn|2\n|\n|t:|1766320936\n|switch|p1a: Scizor|Scizor, M|100/100\n|move|p2a: Ninetales|Moonblast|p1a: Scizor\n|-resisted|p1a: Scizor\n|-damage|p1a: Scizor|79/100\n|\n|-weather|Snowscape|[upkeep]\n|upkeep\n|turn|3\n|\n|t:|1766320943\n|switch|p2a: Skarmory|Skarmory, M|100/100\n|move|p1a: Scizor|U-turn|p2a: Skarmory\n|-resisted|p2a: Skarmory\n|-damage|p2a: Skarmory|92/100\n|-damage|p1a: Scizor|62/100|[from] item: Rocky Helmet|[of] p2a: Skarmory\n|\n|t:|1766320959\n|switch|p1a: Thundurus|Thundurus, M|100/100|[from] U-turn\n|\n|-weather|Snowscape|[upkeep]\n|upkeep\n|turn|4\n|\n|t:|1766320975\n|switch|p2a: Flygon|Flygon, F|100/100\n|move|p1a: Thundurus|U-turn|p2a: Flygon\n|-damage|p2a: Flygon|81/100\n|\n|t:|1766320994\n|switch|p1a: Scrafty|Scrafty, F|86/100|[from] U-turn\n|-ability|p1a: Scrafty|Intimidate|boost\n|-unboost|p2a: Flygon|atk|1\n|\n|-weather|Snowscape|[upkeep]\n|upkeep\n|turn|5\n|\n|t:|1766321002\n|move|p2a: Flygon|Alluring Voice|p1a: Scrafty\n|-supereffective|p1a: Scrafty\n|-damage|p1a: Scrafty|29/100\n|move|p1a: Scrafty|Dragon Dance|p1a: Scrafty\n|-boost|p1a: Scrafty|atk|1\n|-boost|p1a: Scrafty|spe|1\n|\n|-weather|none\n|upkeep\n|turn|6\n|j| bristolcitybewears\n|\n|t:|1766321079\n|detailschange|p1a: Scrafty|Scrafty-Mega-ZA, F\n|-mega|p1a: Scrafty|Scrafty|ScraftiniteZA\n|-ability|p1a: Scrafty|Intimidate|boost\n|-unboost|p2a: Flygon|atk|1\n|move|p1a: Scrafty|Crunch|p2a: Flygon\n|-damage|p2a: Flygon|4/100\n|move|p2a: Flygon|Alluring Voice|p1a: Scrafty\n|-supereffective|p1a: Scrafty\n|-crit|p1a: Scrafty\n|-damage|p1a: Scrafty|0 fnt\n|faint|p1a: Scrafty\n|detailschange|p1: Scrafty|Scrafty, F|[silent]\n|\n|upkeep\n|\n|t:|1766321095\n|switch|p1a: Thundurus|Thundurus, M|100/100\n|turn|7\n|\n|t:|1766321106\n|move|p1a: Thundurus|U-turn|p2a: Flygon\n|-damage|p2a: Flygon|0 fnt\n|faint|p2a: Flygon\n|\n|t:|1766321137\n|switch|p1a: Scizor|Scizor, M|62/100|[from] U-turn\n|\n|upkeep\n|\n|t:|1766321145\n|switch|p2a: Skarmory|Skarmory, M|92/100\n|turn|8\n|inactive|Battle timer is ON: inactive players will automatically lose when time's up. (requested by raonar303)\n|\n|t:|1766321167\n|move|p2a: Skarmory|Stealth Rock|p1a: Scizor\n|-sidestart|p1: terrabite|move: Stealth Rock\n|move|p1a: Scizor|U-turn|p2a: Skarmory\n|-resisted|p2a: Skarmory\n|-damage|p2a: Skarmory|84/100\n|-damage|p1a: Scizor|46/100|[from] item: Rocky Helmet|[of] p2a: Skarmory\n|\n|t:|1766321169\n|switch|p1a: Spectrier|Spectrier|100/100|[from] U-turn\n|-damage|p1a: Spectrier|88/100|[from] Stealth Rock\n|\n|-heal|p1a: Spectrier|94/100|[from] item: Leftovers\n|upkeep\n|turn|9\n|\n|t:|1766321188\n|switch|p2a: Nihilego|Nihilego|100/100\n|move|p1a: Spectrier|Will-O-Wisp|p2a: Nihilego\n|-status|p2a: Nihilego|brn\n|\n|-heal|p1a: Spectrier|100/100|[from] item: Leftovers\n|-damage|p2a: Nihilego|94/100 brn|[from] brn\n|upkeep\n|turn|10\n|inactive|terrabite has 270 seconds left.\n|\n|t:|1766321214\n|move|p1a: Spectrier|Substitute|p1a: Spectrier\n|-start|p1a: Spectrier|Substitute\n|-damage|p1a: Spectrier|75/100\n|move|p2a: Nihilego|Power Gem|p1a: Spectrier\n|-end|p1a: Spectrier|Substitute\n|\n|-heal|p1a: Spectrier|82/100|[from] item: Leftovers\n|-heal|p2a: Nihilego|100/100 brn|[from] item: Leftovers\n|-damage|p2a: Nihilego|94/100 brn|[from] brn\n|upkeep\n|turn|11\n|inactive|terrabite has 270 seconds left.\n|inactive|terrabite has 240 seconds left.\n|\n|t:|1766321282\n|move|p1a: Spectrier|Shadow Ball|p2a: Nihilego\n|-damage|p2a: Nihilego|66/100 brn\n|move|p2a: Nihilego|Sludge Bomb|p1a: Spectrier\n|-resisted|p1a: Spectrier\n|-damage|p1a: Spectrier|58/100\n|\n|-heal|p1a: Spectrier|65/100|[from] item: Leftovers\n|-heal|p2a: Nihilego|72/100 brn|[from] item: Leftovers\n|-damage|p2a: Nihilego|66/100 brn|[from] brn\n|upkeep\n|turn|12\n|\n|t:|1766321293\n|switch|p1a: Glimmora|Glimmora, F|100/100\n|move|p2a: Nihilego|Power Gem|p1a: Glimmora\n|-damage|p1a: Glimmora|57/100\n|\n|-heal|p2a: Nihilego|72/100 brn|[from] item: Leftovers\n|-damage|p2a: Nihilego|66/100 brn|[from] brn\n|upkeep\n|turn|13\n|\n|t:|1766321303\n|switch|p2a: Mew|Mew|66/100\n|move|p1a: Glimmora|Stealth Rock|p2a: Mew\n|-sidestart|p2: raonar303|move: Stealth Rock\n|\n|upkeep\n|turn|14\n|inactive|terrabite has 210 seconds left.\n|\n|t:|1766321326\n|move|p2a: Mew|Earthquake|p1a: Glimmora\n|-supereffective|p1a: Glimmora\n|-damage|p1a: Glimmora|0 fnt\n|faint|p1a: Glimmora\n|\n|upkeep\n|inactive|terrabite has 210 seconds left.\n|\n|t:|1766321332\n|switch|p1a: Spectrier|Spectrier|65/100\n|-damage|p1a: Spectrier|52/100|[from] Stealth Rock\n|turn|15\n|inactive|terrabite has 210 seconds left.\n|\n|t:|1766321347\n|move|p1a: Spectrier|Shadow Ball|p2a: Mew\n|-supereffective|p2a: Mew\n|-damage|p2a: Mew|0 fnt\n|faint|p2a: Mew\n|-ability|p1a: Spectrier|Grim Neigh|boost\n|-boost|p1a: Spectrier|spa|1\n|\n|-heal|p1a: Spectrier|58/100|[from] item: Leftovers\n|upkeep\n|\n|t:|1766321353\n|switch|p2a: Zeraora|Zeraora|100/100\n|turn|16\n|inactive|terrabite has 210 seconds left.\n|\n|t:|1766321371\n|switch|p1a: Thundurus|Thundurus, M|100/100\n|move|p2a: Zeraora|Knock Off|p1a: Thundurus\n|-damage|p1a: Thundurus|56/100\n|-enditem|p1a: Thundurus|Heavy-Duty Boots|[from] move: Knock Off|[of] p2a: Zeraora\n|\n|upkeep\n|turn|17\n|\n|t:|1766321384\n|switch|p2a: Skarmory|Skarmory, M|84/100\n|-damage|p2a: Skarmory|71/100|[from] Stealth Rock\n|move|p1a: Thundurus|U-turn|p2a: Skarmory\n|-resisted|p2a: Skarmory\n|-damage|p2a: Skarmory|69/100\n|-damage|p1a: Thundurus|39/100|[from] item: Rocky Helmet|[of] p2a: Skarmory\n|inactive|terrabite has 210 seconds left.\n|\n|t:|1766321402\n|switch|p1a: Spectrier|Spectrier|58/100|[from] U-turn\n|-damage|p1a: Spectrier|46/100|[from] Stealth Rock\n|\n|-heal|p1a: Spectrier|52/100|[from] item: Leftovers\n|upkeep\n|turn|18\n|inactive|terrabite has 210 seconds left.\n|\n|t:|1766321417\n|move|p1a: Spectrier|Shadow Ball|p2a: Skarmory\n|-damage|p2a: Skarmory|6/100\n|move|p2a: Skarmory|Brave Bird|p1a: Spectrier\n|-damage|p1a: Spectrier|2/100\n|-damage|p2a: Skarmory|0 fnt|[from] Recoil\n|faint|p2a: Skarmory\n|\n|-heal|p1a: Spectrier|9/100|[from] item: Leftovers\n|upkeep\n|\n|t:|1766321423\n|switch|p2a: Zeraora|Zeraora|100/100\n|turn|19\n|\n|t:|1766321433\n|move|p2a: Zeraora|Knock Off|p1a: Spectrier\n|-supereffective|p1a: Spectrier\n|-damage|p1a: Spectrier|0 fnt\n|-enditem|p1a: Spectrier|Leftovers|[from] move: Knock Off|[of] p2a: Zeraora\n|faint|p1a: Spectrier\n|\n|upkeep\n|\n|t:|1766321434\n|switch|p1a: Ogerpon|Ogerpon-Wellspring, F|100/100\n|-damage|p1a: Ogerpon|88/100|[from] Stealth Rock\n|turn|20\n|inactive|terrabite has 210 seconds left.\n|\n|t:|1766321458\n|move|p2a: Zeraora|Plasma Fists|p1a: Ogerpon\n|-damage|p1a: Ogerpon|35/100\n|-fieldactivate|move: Ion Deluge\n|-hint|Normal-type moves become Electric-type after using Plasma Fists.\n|move|p1a: Ogerpon|Ivy Cudgel|p2a: Zeraora|[anim] Ivy Cudgel Water\n|-damage|p2a: Zeraora|11/100\n|\n|upkeep\n|turn|21\n|\n|t:|1766321469\n|move|p2a: Zeraora|Plasma Fists|p1a: Ogerpon\n|-damage|p1a: Ogerpon|0 fnt\n|-fieldactivate|move: Ion Deluge\n|-hint|Normal-type moves become Electric-type after using Plasma Fists.\n|faint|p1a: Ogerpon\n|\n|upkeep\n|\n|t:|1766321471\n|switch|p1a: Scizor|Scizor, M|46/100\n|-damage|p1a: Scizor|33/100|[from] Stealth Rock\n|turn|22\n|\n|t:|1766321492\n|move|p1a: Scizor|Bullet Punch|p2a: Zeraora\n|-resisted|p2a: Zeraora\n|-damage|p2a: Zeraora|0 fnt\n|faint|p2a: Zeraora\n|\n|upkeep\n|\n|t:|1766321495\n|switch|p2a: Ninetales|Ninetales-Alola, M|100/100\n|-weather|Snowscape|[from] ability: Snow Warning|[of] p2a: Ninetales\n|turn|23\n|\n|t:|1766321500\n|move|p1a: Scizor|Bullet Punch|p2a: Ninetales\n|-supereffective|p2a: Ninetales\n|-damage|p2a: Ninetales|0 fnt\n|faint|p2a: Ninetales\n|\n|-weather|Snowscape|[upkeep]\n|upkeep\n|\n|t:|1766321502\n|switch|p2a: Nihilego|Nihilego|66/100 brn\n|-damage|p2a: Nihilego|54/100 brn|[from] Stealth Rock\n|turn|24\n|\n|t:|1766321505\n|move|p1a: Scizor|Bullet Punch|p2a: Nihilego\n|-supereffective|p2a: Nihilego\n|-damage|p2a: Nihilego|0 fnt\n|faint|p2a: Nihilego\n|\n|win|terrabite\n|c|☆terrabite|gg\n|c|☆raonar303|gg\n|l|☆raonar303\n|player|p2|\n|j|☆raonar303\n|player|p2|raonar303|101|\n","players":["terrabite","raonar303"],"format":"[Gen 9] NatDex Draft","rating":null,"private":0,"password":null,"inputlog":">version 0d0a8c252a1f8ab806681f673fdafaf34a87df55\n>start {\"formatid\":\"gen9natdexdraft\",\"seed\":\"sodium,d83624128e1c90ee8fec79a9ecfcadf6\"}\n>player p1 {\"name\":\"terrabite\",\"avatar\":\"266\",\"team\":\"Scrafty||ScraftiniteZA|Intimidate|DragonDance,BrickBreak,Crunch,IronHead|Adamant|172,252,,,,84|F||||,,,,,Dark]Thundurus||HeavyDutyBoots|Prankster|DarkPulse,Uturn,Thunderbolt,RainDance|Timid|16,,,252,,240|M||||,,,,,Electric]Spectrier||Leftovers|GrimNeigh|WillOWisp,ShadowBall,Substitute,DrainingKiss|Modest|44,,,252,,212|N|,0,,,,|||,,,,,Ghost]Ogerpon|OgerponWellspring|WellspringMask|WaterAbsorb|HornLeech,IvyCudgel,Substitute,LeechSeed|Adamant|252,56,,,,200|F||||,Poison,,,,Water]Glimmora||HeavyDutyBoots|Corrosion|MortalSpin,Toxic,StealthRock,PowerGem|Modest|252,,,36,,220|F||||,,,,,Rock]Scizor||ChoiceBand|Technician|BulletPunch,Uturn,KnockOff,Trailblaze|Adamant|248,252,,,8,|M||||,,,,,Bug\",\"rating\":0}\n>player p2 {\"name\":\"raonar303\",\"avatar\":\"101\",\"team\":\"Zeraora||HeavyDutyBoots|VoltAbsorb|PlasmaFists,GrassKnot,KnockOff,PlayRough|Hasty|,252,,4,,252|N||||,,,,,Electric]Ninetales|NinetalesAlola|HeavyDutyBoots|SnowWarning|FreezeDry,Moonblast,Blizzard,Roar|Timid|,,,252,4,252|M|,0,,,,|||,,,,,Ice]Nihilego||Leftovers|BeastBoost|DazzlingGleam,GrassKnot,PowerGem,SludgeBomb|Calm|252,,,116,140,|N|,0,,,,|||,,,,,Rock]Skarmory||RockyHelmet|KeenEye|BraveBird,Roost,StealthRock,DrillRun|Impish|252,,232,,,24|M||||,,,,,Steel]Flygon||AssaultVest|Levitate|RockSlide,Earthquake,Uturn,AlluringVoice|Careful|252,,,,252,|F||||,,,,,Ground]Mew||AssaultVest|Synchronize|FakeOut,Earthquake,FirePunch,Uturn|Adamant|,252,,,4,252|N||||,,,,,Psychic\",\"rating\":0}\n>chat ☆terrabite|hf\n>chat ☆raonar303|u2\n>p1 team 2, 1, 3, 4, 5, 6\n>p2 team 6, 2, 3, 4, 5, 1\n>p1 move uturn\n>p2 move uturn\n>p1 switch 2\n>p2 switch 2\n>p1 switch 6\n>p2 move moonblast\n>p1 move uturn\n>p2 switch 4\n>p1 switch 2\n>p1 move uturn\n>p2 switch 5\n>p1 switch 6\n>p1 move dragondance\n>p2 move alluringvoice\n>p1 move crunch mega\n>p2 move alluringvoice\n>p1 switch 6\n>p1 move uturn\n>p2 move alluringvoice\n>p1 switch 2\n>p2 switch 5\n>p1 move uturn\n>p2 move stealthrock\n>p1 switch 3\n>p1 move willowisp\n>p2 switch 3\n>p1 move substitute\n>p2 move powergem\n>p1 move shadowball\n>p2 move sludgebomb\n>p1 switch 5\n>p2 move powergem\n>p1 move stealthrock\n>p2 switch 2\n>p1 move mortalspin\n>p2 move earthquake\n>p1 switch 5\n>p1 move shadowball\n>p2 move earthquake\n>p2 switch 6\n>p1 switch 2\n>p2 move knockoff\n>p1 move uturn\n>p2 switch 3\n>p1 switch 2\n>p1 move shadowball\n>p2 move bravebird\n>p2 switch 3\n>p1 move willowisp\n>p2 move knockoff\n>p1 switch 4\n>p1 move ivycudgel\n>p2 move plasmafists\n>p1 move ivycudgel\n>p2 move plasmafists\n>p1 switch 3\n>p1 move bulletpunch\n>p2 move plasmafists\n>p2 switch 4\n>p1 move bulletpunch\n>p2 move blizzard\n>p2 switch 2\n>p1 move bulletpunch\n>p2 move powergem","uploadtime":1766321538}