{"id":"gen9natdexdraft-208","log":"|j|☆Artman_Shan\n|j|☆Ark 64\n|t:|1762116539\n|gametype|singles\n|player|p1|Artman_Shan|265|\n|player|p2|Ark 64|170|\n|gen|9\n|tier|[Gen 9] NatDex Draft\n|rule|Tera Type Preview: Tera Types are shown at Team Preview\n|rule|Sleep Clause Mod: Limit one foe put to sleep\n|rule|OHKO Clause: OHKO moves are banned\n|rule|Evasion Clause: Evasion abilities, items, and moves are banned\n|rule|Evasion Abilities Clause: Evasion abilities are banned\n|rule|Evasion Items Clause: Evasion items are banned\n|rule|Evasion Moves Clause: Evasion moves are banned\n|rule|Endless Battle Clause: Forcing endless battles is banned\n|rule|HP Percentage Mod: HP is shown in percentages\n|raw|<div class=\"infobox\"><details class=\"readmore\" open><summary><strong>1 custom rule:</strong></summary> Tera Type Preview</details></div>\n|clearpoke\n|poke|p1|Miltank, F|\n|poke|p1|Pincurchin, F|\n|poke|p1|Kilowattrel, F|\n|poke|p1|Forretress, F|\n|poke|p1|Iron Spike, M|\n|poke|p1|Sneasler, F|\n|poke|p2|Tapu Koko|\n|poke|p2|Iron Bundle|\n|poke|p2|Grimmsnarl, M|\n|poke|p2|Runerigus, M|\n|poke|p2|Iron Treads|\n|poke|p2|Ogerpon-Wellspring, F|\n|raw|Artman_Shan's Tera Types:<br /><psicon pokemon=\"miltank\" /><psicon type=\"Normal\" /> / <psicon pokemon=\"pincurchin\" /><psicon type=\"Electric\" /> / <psicon pokemon=\"kilowattrel\" /><psicon type=\"Electric\" /> / <psicon pokemon=\"forretress\" /><psicon type=\"Water\" /> / <psicon pokemon=\"ironspike\" /><psicon type=\"Water\" /> / <psicon pokemon=\"sneasler\" /><psicon type=\"Fighting\" />\n|raw|Ark 64's Tera Types:<br /><psicon pokemon=\"tapukoko\" /><psicon type=\"Electric\" /> / <psicon pokemon=\"ironbundle\" /><psicon type=\"Ice\" /> / <psicon pokemon=\"grimmsnarl\" /><psicon type=\"Dark\" /> / <psicon pokemon=\"runerigus\" /><psicon type=\"Ground\" /> / <psicon pokemon=\"irontreads\" /><psicon type=\"Ghost\" /> / <psicon pokemon=\"ogerponwellspring\" /><psicon type=\"Water\" />\n|teampreview\n|l|☆Artman_Shan\n|player|p1|\n|j|☆Artman_Shan\n|player|p1|Artman_Shan|265|\n|\n|t:|1762116581\n|teamsize|p1|6\n|teamsize|p2|6\n|start\n|switch|p1a: Pincurchin|Pincurchin, F|100/100\n|switch|p2a: Grimmsnarl|Grimmsnarl, M|100/100\n|-fieldstart|move: Electric Terrain|[from] ability: Electric Surge|[of] p1a: Pincurchin\n|turn|1\n|\n|t:|1762116590\n|move|p2a: Grimmsnarl|Light Screen|p2a: Grimmsnarl\n|-sidestart|p2: Ark 64|move: Light Screen\n|move|p1a: Pincurchin|Toxic Spikes|p2a: Grimmsnarl\n|-sidestart|p2: Ark 64|move: Toxic Spikes\n|\n|upkeep\n|turn|2\n|\n|t:|1762116596\n|move|p1a: Pincurchin|Protect|p1a: Pincurchin\n|-singleturn|p1a: Pincurchin|Protect\n|move|p2a: Grimmsnarl|Parting Shot|p1a: Pincurchin\n|-activate|p1a: Pincurchin|move: Protect\n|\n|upkeep\n|turn|3\n|\n|t:|1762116603\n|move|p2a: Grimmsnarl|Parting Shot|p1a: Pincurchin\n|-unboost|p1a: Pincurchin|atk|1\n|-unboost|p1a: Pincurchin|spa|1\n|\n|t:|1762116605\n|switch|p2a: Iron Treads|Iron Treads|100/100|[from] Parting Shot\n|-activate|p2a: Iron Treads|ability: Quark Drive\n|-start|p2a: Iron Treads|quarkdrivespe\n|move|p1a: Pincurchin|Toxic Spikes|p2a: Iron Treads\n|-sidestart|p2: Ark 64|move: Toxic Spikes\n|\n|upkeep\n|turn|4\n|\n|t:|1762116618\n|move|p2a: Iron Treads|Rapid Spin|p1a: Pincurchin\n|-damage|p1a: Pincurchin|88/100\n|-boost|p2a: Iron Treads|spe|1\n|-sideend|p2: Ark 64|Toxic Spikes|[from] move: Rapid Spin|[of] p2a: Iron Treads\n|move|p1a: Pincurchin|Scald|p2a: Iron Treads\n|-supereffective|p2a: Iron Treads\n|-damage|p2a: Iron Treads|90/100\n|-status|p2a: Iron Treads|brn\n|\n|-damage|p2a: Iron Treads|84/100 brn|[from] brn\n|upkeep\n|turn|5\n|\n|t:|1762116633\n|move|p1a: Pincurchin|Protect|p1a: Pincurchin\n|-singleturn|p1a: Pincurchin|Protect\n|move|p2a: Iron Treads|Earthquake|p1a: Pincurchin\n|-activate|p1a: Pincurchin|move: Protect\n|\n|-damage|p2a: Iron Treads|78/100 brn|[from] brn\n|-sideend|p2: Ark 64|move: Light Screen\n|upkeep\n|turn|6\n|\n|t:|1762116644\n|switch|p1a: Kilowattrel|Kilowattrel, F|100/100\n|-enditem|p1a: Kilowattrel|Electric Seed\n|-boost|p1a: Kilowattrel|def|1|[from] item: Electric Seed\n|move|p2a: Iron Treads|Earthquake|p1a: Kilowattrel\n|-immune|p1a: Kilowattrel\n|\n|-damage|p2a: Iron Treads|72/100 brn|[from] brn\n|upkeep\n|turn|7\n|\n|t:|1762116658\n|-end|p2a: Iron Treads|Quark Drive|[silent]\n|switch|p2a: Grimmsnarl|Grimmsnarl, M|100/100\n|move|p1a: Kilowattrel|Acrobatics|p2a: Grimmsnarl\n|-damage|p2a: Grimmsnarl|67/100\n|\n|upkeep\n|turn|8\n|\n|t:|1762116666\n|move|p2a: Grimmsnarl|Reflect|p2a: Grimmsnarl\n|-sidestart|p2: Ark 64|Reflect\n|move|p1a: Kilowattrel|Charge Beam|p2a: Grimmsnarl\n|-damage|p2a: Grimmsnarl|49/100\n|-boost|p1a: Kilowattrel|spa|1\n|\n|-fieldend|move: Electric Terrain\n|upkeep\n|turn|9\n|\n|t:|1762116676\n|move|p2a: Grimmsnarl|Trick|p1a: Kilowattrel\n|-activate|p2a: Grimmsnarl|move: Trick|[of] p1a: Kilowattrel\n|-item|p1a: Kilowattrel|Lagging Tail|[from] move: Trick\n|-enditem|p2a: Grimmsnarl|Lagging Tail|[silent]|[from] move: Trick\n|move|p1a: Kilowattrel|Acrobatics|p2a: Grimmsnarl\n|-damage|p2a: Grimmsnarl|41/100\n|\n|upkeep\n|turn|10\n|\n|t:|1762116685\n|move|p2a: Grimmsnarl|Reflect||[still]\n|-fail|p2a: Grimmsnarl\n|move|p1a: Kilowattrel|Thunder Wave|p2a: Grimmsnarl\n|-status|p2a: Grimmsnarl|par\n|\n|upkeep\n|turn|11\n|c|☆Ark 64|I misclicked lol\n|\n|t:|1762116701\n|move|p2a: Grimmsnarl|Light Screen|p2a: Grimmsnarl\n|-sidestart|p2: Ark 64|move: Light Screen\n|move|p1a: Kilowattrel|Quick Attack|p2a: Grimmsnarl\n|-damage|p2a: Grimmsnarl|37/100 par\n|\n|upkeep\n|turn|12\n|\n|t:|1762116707\n|move|p2a: Grimmsnarl|Parting Shot|p1a: Kilowattrel\n|-unboost|p1a: Kilowattrel|atk|1\n|-ability|p1a: Kilowattrel|Competitive|boost\n|-boost|p1a: Kilowattrel|spa|2\n|-unboost|p1a: Kilowattrel|spa|1\n|-ability|p1a: Kilowattrel|Competitive|boost\n|-boost|p1a: Kilowattrel|spa|2\n|\n|t:|1762116713\n|switch|p2a: Iron Bundle|Iron Bundle|100/100|[from] Parting Shot\n|move|p1a: Kilowattrel|Charge Beam|p2a: Iron Bundle\n|-supereffective|p2a: Iron Bundle\n|-damage|p2a: Iron Bundle|0 fnt\n|-boost|p1a: Kilowattrel|spa|1\n|faint|p2a: Iron Bundle\n|-end|p2a: Iron Bundle|Quark Drive|[silent]\n|\n|-sideend|p2: Ark 64|Reflect\n|upkeep\n|j|~SparksTheNeo\n|\n|t:|1762116721\n|switch|p2a: Tapu Koko|Tapu Koko|100/100\n|-fieldstart|move: Electric Terrain|[from] ability: Electric Surge|[of] p2a: Tapu Koko\n|turn|13\n|\n|t:|1762116732\n|move|p2a: Tapu Koko|Hidden Power|p1a: Kilowattrel\n|-supereffective|p1a: Kilowattrel\n|-damage|p1a: Kilowattrel|36/100\n|move|p1a: Kilowattrel|Charge Beam|p2a: Tapu Koko\n|-resisted|p2a: Tapu Koko\n|-damage|p2a: Tapu Koko|76/100\n|-boost|p1a: Kilowattrel|spa|1\n|\n|upkeep\n|turn|14\n|\n|t:|1762116741\n|move|p2a: Tapu Koko|Hidden Power|p1a: Kilowattrel\n|-supereffective|p1a: Kilowattrel\n|-damage|p1a: Kilowattrel|0 fnt\n|faint|p1a: Kilowattrel\n|\n|upkeep\n|c|~SparksTheNeo|what is that kilo set\n|\n|t:|1762116752\n|switch|p1a: Iron Spike|Iron Spike, M|100/100\n|-activate|p1a: Iron Spike|ability: Quark Drive\n|-start|p1a: Iron Spike|quarkdrivespd\n|turn|15\n|c|~SparksTheNeo|quite possibly the most insane one ive seen\n|\n|t:|1762116761\n|-terastallize|p2a: Tapu Koko|Electric\n|move|p2a: Tapu Koko|Thunderbolt|p1a: Iron Spike\n|-supereffective|p1a: Iron Spike\n|-damage|p1a: Iron Spike|44/100\n|move|p1a: Iron Spike|Thunder Wave|p2a: Tapu Koko\n|-immune|p2a: Tapu Koko\n|\n|-heal|p1a: Iron Spike|50/100|[from] item: Leftovers\n|-sideend|p2: Ark 64|move: Light Screen\n|upkeep\n|turn|16\n|\n|t:|1762116769\n|move|p2a: Tapu Koko|Thunderbolt|p1a: Iron Spike\n|-supereffective|p1a: Iron Spike\n|-damage|p1a: Iron Spike|0 fnt\n|faint|p1a: Iron Spike\n|-end|p1a: Iron Spike|Quark Drive|[silent]\n|\n|upkeep\n|\n|t:|1762116776\n|switch|p1a: Forretress|Forretress, F|100/100\n|turn|17\n|\n|t:|1762116783\n|switch|p2a: Iron Treads|Iron Treads|72/100 brn\n|-activate|p2a: Iron Treads|ability: Quark Drive\n|-start|p2a: Iron Treads|quarkdrivespe\n|move|p1a: Forretress|Drill Run|p2a: Iron Treads\n|-supereffective|p2a: Iron Treads\n|-damage|p2a: Iron Treads|44/100 brn\n|\n|-damage|p2a: Iron Treads|38/100 brn|[from] brn\n|-fieldend|move: Electric Terrain\n|-end|p2a: Iron Treads|Quark Drive\n|upkeep\n|turn|18\n|\n|t:|1762116795\n|move|p1a: Forretress|Protect|p1a: Forretress\n|-singleturn|p1a: Forretress|Protect\n|move|p2a: Iron Treads|Earthquake|p1a: Forretress\n|-activate|p1a: Forretress|move: Protect\n|\n|-damage|p2a: Iron Treads|32/100 brn|[from] brn\n|upkeep\n|turn|19\n|\n|t:|1762116806\n|move|p2a: Iron Treads|Earthquake|p1a: Forretress\n|-crit|p1a: Forretress\n|-damage|p1a: Forretress|84/100\n|move|p1a: Forretress|Rapid Spin|p2a: Iron Treads\n|-resisted|p2a: Iron Treads\n|-damage|p2a: Iron Treads|28/100 brn\n|-boost|p1a: Forretress|spe|1\n|\n|-damage|p2a: Iron Treads|22/100 brn|[from] brn\n|upkeep\n|turn|20\n|\n|t:|1762116817\n|move|p2a: Iron Treads|Earthquake|p1a: Forretress\n|-damage|p1a: Forretress|74/100\n|move|p1a: Forretress|Rapid Spin|p2a: Iron Treads\n|-resisted|p2a: Iron Treads\n|-damage|p2a: Iron Treads|18/100 brn\n|-boost|p1a: Forretress|spe|1\n|\n|-damage|p2a: Iron Treads|12/100 brn|[from] brn\n|upkeep\n|turn|21\n|\n|t:|1762116828\n|move|p1a: Forretress|Protect|p1a: Forretress\n|-singleturn|p1a: Forretress|Protect\n|move|p2a: Iron Treads|Earthquake|p1a: Forretress\n|-activate|p1a: Forretress|move: Protect\n|\n|-damage|p2a: Iron Treads|5/100 brn|[from] brn\n|upkeep\n|turn|22\n|\n|t:|1762116838\n|move|p2a: Iron Treads|Earthquake|p1a: Forretress\n|-damage|p1a: Forretress|65/100\n|move|p1a: Forretress|Toxic Spikes|p2a: Iron Treads\n|-sidestart|p2: Ark 64|move: Toxic Spikes\n|\n|-damage|p2a: Iron Treads|0 fnt|[from] brn\n|faint|p2a: Iron Treads\n|-end|p2a: Iron Treads|Quark Drive|[silent]\n|upkeep\n|\n|t:|1762116841\n|switch|p2a: Runerigus|Runerigus, M|100/100\n|-status|p2a: Runerigus|psn\n|turn|23\n|\n|t:|1762116852\n|detailschange|p2a: Runerigus|Runerigus-Mega, M\n|-mega|p2a: Runerigus|Runerigus|Runerigusite\n|-ability|p2a: Runerigus|Tablets of Ruin\n|move|p1a: Forretress|Drill Run|p2a: Runerigus\n|-damage|p2a: Runerigus|93/100 psn\n|move|p2a: Runerigus|Will-O-Wisp|p1a: Forretress\n|-status|p1a: Forretress|brn\n|\n|-damage|p2a: Runerigus|80/100 psn|[from] psn\n|-damage|p1a: Forretress|58/100 brn|[from] brn\n|upkeep\n|turn|24\n|\n|t:|1762116866\n|switch|p1a: Pincurchin|Pincurchin, F|88/100\n|-fieldstart|move: Electric Terrain|[from] ability: Electric Surge|[of] p1a: Pincurchin\n|move|p2a: Runerigus|Stealth Rock|p1a: Pincurchin\n|-sidestart|p1: Artman_Shan|move: Stealth Rock\n|\n|-damage|p2a: Runerigus|68/100 psn|[from] psn\n|upkeep\n|turn|25\n|\n|t:|1762116877\n|switch|p2a: Grimmsnarl|Grimmsnarl, M|37/100 par\n|move|p1a: Pincurchin|Scald|p2a: Grimmsnarl\n|-damage|p2a: Grimmsnarl|20/100 par\n|\n|upkeep\n|turn|26\n|\n|t:|1762116889\n|cant|p2a: Grimmsnarl|par\n|move|p1a: Pincurchin|Scald|p2a: Grimmsnarl\n|-damage|p2a: Grimmsnarl|4/100 par\n|\n|upkeep\n|turn|27\n|\n|t:|1762116900\n|switch|p2a: Ogerpon|Ogerpon-Wellspring, F|100/100\n|-status|p2a: Ogerpon|psn\n|move|p1a: Pincurchin|Toxic Spikes|p2a: Ogerpon\n|-sidestart|p2: Ark 64|move: Toxic Spikes\n|\n|-damage|p2a: Ogerpon|88/100 psn|[from] psn\n|upkeep\n|turn|28\n|\n|t:|1762116914\n|switch|p1a: Sneasler|Sneasler, F|100/100\n|-damage|p1a: Sneasler|95/100|[from] Stealth Rock\n|-item|p1a: Sneasler|Air Balloon\n|move|p2a: Ogerpon|Ivy Cudgel|p1a: Sneasler|[anim] Ivy Cudgel Water\n|-damage|p1a: Sneasler|0 fnt\n|-enditem|p1a: Sneasler|Air Balloon\n|faint|p1a: Sneasler\n|\n|-damage|p2a: Ogerpon|76/100 psn|[from] psn\n|upkeep\n|\n|t:|1762116932\n|switch|p1a: Forretress|Forretress, F|58/100 brn\n|-damage|p1a: Forretress|46/100 brn|[from] Stealth Rock\n|turn|29\n|\n|t:|1762116943\n|move|p2a: Ogerpon|Spiky Shield|p2a: Ogerpon\n|-singleturn|p2a: Ogerpon|move: Protect\n|move|p1a: Forretress|Drill Run|p2a: Ogerpon\n|-activate|p2a: Ogerpon|move: Protect\n|-damage|p1a: Forretress|34/100 brn|[from] Spiky Shield|[of] p2a: Ogerpon\n|\n|-damage|p2a: Ogerpon|64/100 psn|[from] psn\n|-damage|p1a: Forretress|27/100 brn|[from] brn\n|upkeep\n|turn|30\n|\n|t:|1762116953\n|move|p2a: Ogerpon|Ivy Cudgel|p1a: Forretress|[anim] Ivy Cudgel Water\n|-damage|p1a: Forretress|0 fnt\n|faint|p1a: Forretress\n|\n|-damage|p2a: Ogerpon|51/100 psn|[from] psn\n|upkeep\n|\n|t:|1762116961\n|switch|p1a: Miltank|Miltank, F|100/100\n|-damage|p1a: Miltank|88/100|[from] Stealth Rock\n|turn|31\n|\n|t:|1762116970\n|detailschange|p1a: Miltank|Miltank-Mega, F\n|-mega|p1a: Miltank|Miltank|Miltankite\n|move|p1a: Miltank|Thunder Punch|p2a: Ogerpon\n|-damage|p2a: Ogerpon|7/100 psn\n|move|p2a: Ogerpon|Horn Leech|p1a: Miltank\n|-damage|p1a: Miltank|50/100\n|-heal|p2a: Ogerpon|28/100 psn|[from] drain|[of] p1a: Miltank\n|\n|-damage|p2a: Ogerpon|16/100 psn|[from] psn\n|-fieldend|move: Electric Terrain\n|upkeep\n|turn|32\n|\n|t:|1762116988\n|move|p2a: Ogerpon|Spiky Shield|p2a: Ogerpon\n|-singleturn|p2a: Ogerpon|move: Protect\n|move|p1a: Miltank|Play Rough|p2a: Ogerpon\n|-activate|p2a: Ogerpon|move: Protect\n|-damage|p1a: Miltank|38/100|[from] Spiky Shield|[of] p2a: Ogerpon\n|\n|-damage|p2a: Ogerpon|4/100 psn|[from] psn\n|upkeep\n|turn|33\n|\n|t:|1762117000\n|switch|p1a: Pincurchin|Pincurchin, F|88/100\n|-damage|p1a: Pincurchin|76/100|[from] Stealth Rock\n|-fieldstart|move: Electric Terrain|[from] ability: Electric Surge|[of] p1a: Pincurchin\n|move|p2a: Ogerpon|Horn Leech|p1a: Pincurchin\n|-damage|p1a: Pincurchin|41/100\n|-heal|p2a: Ogerpon|21/100 psn|[from] drain|[of] p1a: Pincurchin\n|\n|-damage|p2a: Ogerpon|9/100 psn|[from] psn\n|upkeep\n|turn|34\n|\n|t:|1762117013\n|move|p2a: Ogerpon|Ivy Cudgel|p1a: Pincurchin|[anim] Ivy Cudgel Water\n|-crit|p1a: Pincurchin\n|-damage|p1a: Pincurchin|0 fnt\n|faint|p1a: Pincurchin\n|\n|-damage|p2a: Ogerpon|0 fnt|[from] psn\n|faint|p2a: Ogerpon\n|upkeep\n|\n|t:|1762117021\n|switch|p2a: Runerigus|Runerigus-Mega, M|68/100 psn\n|switch|p1a: Miltank|Miltank-Mega, F|38/100\n|-damage|p1a: Miltank|25/100|[from] Stealth Rock\n|-ability|p2a: Runerigus|Tablets of Ruin\n|turn|35\n|\n|t:|1762117036\n|move|p1a: Miltank|Play Rough|p2a: Runerigus\n|-damage|p2a: Runerigus|55/100 psn\n|move|p2a: Runerigus|Will-O-Wisp|p1a: Miltank\n|-status|p1a: Miltank|brn\n|\n|-damage|p2a: Runerigus|42/100 psn|[from] psn\n|-damage|p1a: Miltank|19/100 brn|[from] brn\n|upkeep\n|turn|36\n|\n|t:|1762117041\n|move|p1a: Miltank|Play Rough|p2a: Runerigus\n|-ability|p1a: Miltank|Reptitive Force\n|-message|Miltank's consecutive hits boost its power (x1.2)\n|-damage|p2a: Runerigus|34/100 psn\n|move|p2a: Runerigus|Body Press|p1a: Miltank\n|-damage|p1a: Miltank|0 fnt\n|faint|p1a: Miltank\n|detailschange|p1: Miltank|Miltank, F|[silent]\n|\n|win|Ark 64\n|c|☆Artman_Shan|Gg\n|l|☆Artman_Shan\n|player|p1|\n|c|☆Ark 64|Gg\n","players":["Artman_Shan","Ark 64"],"format":"[Gen 9] NatDex Draft","rating":null,"private":0,"password":null,"inputlog":">version 2352b00944e7462b49311a255b814d2e23110915\n>start {\"formatid\":\"gen9natdexdraft@@@Tera Type Preview\",\"seed\":\"sodium,6c3e7d112162b00e3d1f7ec4714bc291\"}\n>player p1 {\"name\":\"Artman_Shan\",\"avatar\":\"265\",\"team\":\"Miltank||Miltankite|SapSipper|SecretPower,PlayRough,ThunderPunch,Earthquake|Jolly|,252,,,4,252|F||||,,,,,Normal]Pincurchin||TerrainExtender|ElectricSurge|Scald,Protect,Recover,ToxicSpikes|Bold|252,,252,,4,|F|,0,,,,|||,,,,,Electric]Kilowattrel||ElectricSeed|Competitive|QuickAttack,ThunderWave,ChargeBeam,Acrobatics|Hasty|,252,,4,,252|F||||,,,,,Electric]Forretress||SalacBerry|Sturdy|RapidSpin,DrillRun,Protect,ToxicSpikes|Impish|252,4,252,,,|F||||,,,,,Water]Iron Spike||Leftovers|QuarkDrive|Protect,FlipTurn,Moonblast,ThunderWave|Calm|252,,,4,252,|M||||,,,,,Water]Sneasler||AirBalloon|Unburden|Acrobatics,CloseCombat,FakeOut,DireClaw|Adamant|,252,,,4,252|F||||,,,,,Fighting\",\"rating\":0}\n>player p2 {\"name\":\"Ark 64\",\"avatar\":\"170\",\"team\":\"Tapu Koko||HeavyDutyBoots|ElectricSurge|HiddenPowerIce,GrassKnot,Thunderbolt,Roost|Timid|,,,252,40,216|N|,1,,,,|||,Ice,,,,Electric]Iron Bundle||ChoiceSpecs|QuarkDrive|FreezeDry,IceBeam,Uturn,HydroPump|Timid|,,,252,4,252|N||||,,,,,Ice]Grimmsnarl||LaggingTail|Prankster|Trick,Reflect,LightScreen,PartingShot|Impish|252,,196,,60,|M|,0,,,,|||,,,,,Dark]Runerigus||Runerigusite|WanderingSpirit|BodyPress,Earthquake,StealthRock,WillOWisp|Careful|252,4,,,252,|M||||,,,,,Ground]Iron Treads||HeavyDutyBoots|QuarkDrive|RapidSpin,IronHead,Earthquake,IceSpinner|Careful|156,,28,,180,144|N||||,,,,,Ghost]Ogerpon|OgerponWellspring|WellspringMask|WaterAbsorb|SpikyShield,HornLeech,IvyCudgel,Uturn|Jolly|,252,,,4,252|F||||,Poison,,,,Water\",\"rating\":0}\n>p1 team 2, 1, 3, 4, 5, 6\n>p2 team 3, 2, 1, 4, 5, 6\n>p1 move toxicspikes\n>p2 move lightscreen\n>p1 move protect\n>p2 move partingshot\n>p1 move toxicspikes\n>p2 move partingshot\n>p2 switch 5\n>p1 move scald\n>p2 move rapidspin\n>p1 move protect\n>p2 move earthquake\n>p1 switch 3\n>p2 move earthquake\n>p1 move acrobatics\n>p2 switch 5\n>p1 move chargebeam\n>p2 move reflect\n>p1 move acrobatics\n>p2 move trick\n>p1 move thunderwave\n>p2 move reflect\n>chat ☆Ark 64|I misclicked lol\n>p1 move quickattack\n>p2 move lightscreen\n>p1 move chargebeam\n>p2 move partingshot\n>p2 switch 2\n>p2 switch 3\n>p1 move chargebeam\n>p2 move hiddenpower\n>p1 move acrobatics\n>p2 move hiddenpower\n>chat ~SparksTheNeo|what is that kilo set\n>p1 switch 5\n>chat ~SparksTheNeo|quite possibly the most insane one ive seen\n>p1 move thunderwave\n>p2 move thunderbolt terastallize\n>p1 move flipturn\n>p2 move thunderbolt\n>p1 switch 4\n>p1 move drillrun\n>p2 switch 5\n>p1 move protect\n>p2 move earthquake\n>p1 move rapidspin\n>p2 move earthquake\n>p1 move rapidspin\n>p2 move earthquake\n>p1 move protect\n>p2 move earthquake\n>p1 move toxicspikes\n>p2 move earthquake\n>p2 switch 4\n>p1 move drillrun\n>p2 move willowisp mega\n>p1 switch 3\n>p2 move stealthrock\n>p1 move scald\n>p2 switch 2\n>p1 move scald\n>p2 move partingshot\n>p1 move toxicspikes\n>p2 switch 6\n>p1 switch 6\n>p2 move ivycudgel\n>p1 switch 3\n>p1 move drillrun\n>p2 move spikyshield\n>p1 move rapidspin\n>p2 move ivycudgel\n>p1 switch 2\n>p1 move thunderpunch mega\n>p2 move hornleech\n>p1 move playrough\n>p2 move spikyshield\n>p1 switch 6\n>p2 move hornleech\n>p1 move recover\n>p2 move ivycudgel\n>p1 switch 6\n>p2 switch 2\n>p1 move playrough\n>p2 move willowisp\n>p1 move playrough\n>p2 move bodypress","uploadtime":1762117058}