{"id":"gen9natdexdraft-486","log":"|j|☆SparksTheNeo\n|j|☆liviifailure\n|t:|1763745682\n|gametype|singles\n|player|p1|SparksTheNeo|169|\n|player|p2|liviifailure|iris-gen5bw2|\n|gen|9\n|tier|[Gen 9] NatDex Draft\n|rule|Tera Type Preview: Tera Types are shown at Team Preview\n|rule|Sleep Clause Mod: Limit one foe put to sleep\n|rule|OHKO Clause: OHKO moves are banned\n|rule|Evasion Clause: Evasion abilities, items, and moves are banned\n|rule|Evasion Abilities Clause: Evasion abilities are banned\n|rule|Evasion Items Clause: Evasion items are banned\n|rule|Evasion Moves Clause: Evasion moves are banned\n|rule|Endless Battle Clause: Forcing endless battles is banned\n|rule|HP Percentage Mod: HP is shown in percentages\n|raw|<div class=\"infobox\"><details class=\"readmore\" open><summary><strong>1 custom rule:</strong></summary> Tera Type Preview</details></div>\n|clearpoke\n|poke|p1|Mienshao-Hoenn, M|\n|poke|p1|Heatran, M|\n|poke|p1|Toxapex, F|\n|poke|p1|Roserade-Hell, F|\n|poke|p1|Tsareena, F|\n|poke|p1|Electrode|\n|poke|p2|Wigglytough, F|\n|poke|p2|Necrozma|\n|poke|p2|Keldeo-Resolute|\n|poke|p2|Chi-Yu|\n|poke|p2|Corviknight, F|\n|poke|p2|Weezing-Galar, F|\n|raw|SparksTheNeo's Tera Types:<br /><psicon pokemon=\"mienshaohoenn\" /><psicon type=\"Water\" /> / <psicon pokemon=\"heatran\" /><psicon type=\"Fairy\" /> / <psicon pokemon=\"toxapex\" /><psicon type=\"Poison\" /> / <psicon pokemon=\"roseradehell\" /><psicon type=\"Dark\" /> / <psicon pokemon=\"tsareena\" /><psicon type=\"Grass\" /> / <psicon pokemon=\"electrode\" /><psicon type=\"Ice\" />\n|raw|liviifailure's Tera Types:<br /><psicon pokemon=\"wigglytough\" /><psicon type=\"Stellar\" /> / <psicon pokemon=\"necrozma\" /><psicon type=\"Ground\" /> / <psicon pokemon=\"keldeoresolute\" /><psicon type=\"Stellar\" /> / <psicon pokemon=\"chiyu\" /><psicon type=\"Stellar\" /> / <psicon pokemon=\"corviknight\" /><psicon type=\"Stellar\" /> / <psicon pokemon=\"weezinggalar\" /><psicon type=\"Stellar\" />\n|teampreview\n|c|☆liviifailure|glhf\n|c|☆SparksTheNeo|u2\n|\n|t:|1763745736\n|teamsize|p1|6\n|teamsize|p2|6\n|start\n|switch|p1a: Electrode|Electrode|100/100\n|switch|p2a: Chi-Yu|Chi-Yu|100/100\n|-ability|p2a: Chi-Yu|Beads of Ruin\n|turn|1\n|\n|t:|1763745747\n|switch|p1a: Heatran|Heatran, M|100/100\n|move|p2a: Chi-Yu|Overheat|p1a: Heatran\n|-start|p1a: Heatran|ability: Flash Fire\n|\n|upkeep\n|turn|2\n|\n|t:|1763745760\n|switch|p2a: Keldeo|Keldeo-Resolute|100/100\n|move|p1a: Heatran|Stealth Rock|p2a: Keldeo\n|-sidestart|p2: liviifailure|move: Stealth Rock\n|\n|upkeep\n|turn|3\n|\n|t:|1763745775\n|-end|p1a: Heatran|ability: Flash Fire|[silent]\n|switch|p1a: Toxapex|Toxapex, F|100/100\n|move|p2a: Keldeo|Flip Turn|p1a: Toxapex\n|-resisted|p1a: Toxapex\n|-damage|p1a: Toxapex|96/100\n|-damage|p2a: Keldeo|84/100|[from] item: Rocky Helmet|[of] p1a: Toxapex\n|\n|t:|1763745786\n|switch|p2a: Weezing|Weezing-Galar, F|100/100|[from] Flip Turn\n|-damage|p2a: Weezing|88/100|[from] Stealth Rock\n|-fieldstart|move: Misty Terrain|[from] ability: Misty Surge|[of] p2a: Weezing\n|\n|-heal|p2a: Weezing|94/100|[from] item: Black Sludge\n|upkeep\n|turn|4\n|\n|t:|1763745829\n|switch|p1a: Heatran|Heatran, M|100/100\n|move|p2a: Weezing|Thunderbolt|p1a: Heatran\n|-damage|p1a: Heatran|89/100\n|\n|-heal|p1a: Heatran|95/100|[from] item: Leftovers\n|-heal|p2a: Weezing|99/100|[from] item: Black Sludge\n|upkeep\n|turn|5\n|\n|t:|1763745849\n|switch|p2a: Keldeo|Keldeo-Resolute|84/100\n|-damage|p2a: Keldeo|78/100|[from] Stealth Rock\n|move|p1a: Heatran|Magma Storm|p2a: Keldeo|[miss]\n|-miss|p1a: Heatran|p2a: Keldeo\n|\n|-heal|p2a: Keldeo|84/100|[from] item: Leftovers\n|-heal|p1a: Heatran|100/100|[from] item: Leftovers\n|upkeep\n|turn|6\n|\n|t:|1763745862\n|switch|p2a: Necrozma|Necrozma|100/100\n|-damage|p2a: Necrozma|88/100|[from] Stealth Rock\n|switch|p1a: Toxapex|Toxapex, F|100/100\n|\n|upkeep\n|turn|7\n|\n|t:|1763745875\n|move|p2a: Necrozma|Earth Power|p1a: Toxapex\n|-supereffective|p1a: Toxapex\n|-damage|p1a: Toxapex|48/100\n|move|p1a: Toxapex|Toxic|p2a: Necrozma\n|-activate|p2a: Necrozma|move: Misty Terrain\n|\n|-fieldend|Misty Terrain\n|upkeep\n|turn|8\n|c|☆SparksTheNeo|breh im dumb\n|c|☆liviifailure|:sob:\n|\n|t:|1763745896\n|switch|p1a: Tsareena|Tsareena, F|100/100\n|move|p2a: Necrozma|Earth Power|p1a: Tsareena\n|-resisted|p1a: Tsareena\n|-damage|p1a: Tsareena|86/100\n|\n|-heal|p1a: Tsareena|92/100|[from] item: Leftovers\n|upkeep\n|turn|9\n|\n|t:|1763745905\n|switch|p2a: Corviknight|Corviknight, F|100/100\n|-damage|p2a: Corviknight|88/100|[from] Stealth Rock\n|-ability|p2a: Corviknight|Pressure\n|move|p1a: Tsareena|U-turn|p2a: Corviknight\n|-resisted|p2a: Corviknight\n|-crit|p2a: Corviknight\n|-damage|p2a: Corviknight|83/100\n|\n|t:|1763745913\n|switch|p1a: Heatran|Heatran, M|100/100|[from] U-turn\n|\n|upkeep\n|turn|10\n|\n|t:|1763745925\n|detailschange|p2a: Corviknight|Corviknight-Mega, F\n|-mega|p2a: Corviknight|Corviknight|Corviknightite\n|move|p2a: Corviknight|Body Press|p1a: Heatran\n|-supereffective|p1a: Heatran\n|-damage|p1a: Heatran|62/100\n|move|p1a: Heatran|Magma Storm|p2a: Corviknight|[miss]\n|-miss|p1a: Heatran|p2a: Corviknight\n|\n|-heal|p1a: Heatran|68/100|[from] item: Leftovers\n|upkeep\n|turn|11\n|c|☆liviifailure|mb\n|c|☆SparksTheNeo|breeeeh\n|\n|t:|1763745956\n|switch|p2a: Keldeo|Keldeo-Resolute|84/100\n|-damage|p2a: Keldeo|78/100|[from] Stealth Rock\n|-terastallize|p1a: Heatran|Fairy\n|move|p1a: Heatran|Magma Storm|p2a: Keldeo|[miss]\n|-miss|p1a: Heatran|p2a: Keldeo\n|\n|-heal|p2a: Keldeo|84/100|[from] item: Leftovers\n|-heal|p1a: Heatran|75/100|[from] item: Leftovers\n|upkeep\n|turn|12\n|c|☆SparksTheNeo|hrrrrrm\n|\n|t:|1763745972\n|switch|p1a: Toxapex|Toxapex, F|81/100\n|move|p2a: Keldeo|Flip Turn|p1a: Toxapex\n|-resisted|p1a: Toxapex\n|-damage|p1a: Toxapex|77/100\n|-damage|p2a: Keldeo|68/100|[from] item: Rocky Helmet|[of] p1a: Toxapex\n|\n|t:|1763745978\n|switch|p2a: Weezing|Weezing-Galar, F|99/100|[from] Flip Turn\n|-damage|p2a: Weezing|88/100|[from] Stealth Rock\n|-fieldstart|move: Misty Terrain|[from] ability: Misty Surge|[of] p2a: Weezing\n|\n|-heal|p2a: Weezing|94/100|[from] item: Black Sludge\n|upkeep\n|turn|13\n|\n|t:|1763745988\n|switch|p1a: Electrode|Electrode|100/100\n|move|p2a: Weezing|Strange Steam|p1a: Electrode\n|-damage|p1a: Electrode|59/100\n|\n|-heal|p2a: Weezing|99/100|[from] item: Black Sludge\n|upkeep\n|turn|14\n|\n|t:|1763745993\n|move|p1a: Electrode|Light Screen|p1a: Electrode\n|-sidestart|p1: SparksTheNeo|move: Light Screen\n|move|p2a: Weezing|Strange Steam|p1a: Electrode\n|-damage|p1a: Electrode|38/100\n|\n|-heal|p2a: Weezing|100/100|[from] item: Black Sludge\n|upkeep\n|turn|15\n|\n|t:|1763746009\n|move|p1a: Electrode|Volt Switch|p2a: Weezing\n|-damage|p2a: Weezing|77/100\n|\n|t:|1763746026\n|switch|p1a: Heatran|Heatran, M, tera:Fairy|75/100|[from] Volt Switch\n|move|p2a: Weezing|Strange Steam|p1a: Heatran\n|-damage|p1a: Heatran|67/100\n|\n|-heal|p1a: Heatran|73/100|[from] item: Leftovers\n|-heal|p2a: Weezing|83/100|[from] item: Black Sludge\n|upkeep\n|turn|16\n|\n|t:|1763746047\n|move|p1a: Heatran|Magma Storm|p2a: Weezing\n|-damage|p2a: Weezing|45/100\n|-activate|p2a: Weezing|move: Magma Storm|[of] p1a: Heatran\n|move|p2a: Weezing|Pain Split|p1a: Heatran\n|-sethp|p1a: Heatran|56/100|[from] move: Pain Split|[silent]\n|-sethp|p2a: Weezing|65/100|[from] move: Pain Split\n|\n|-heal|p1a: Heatran|62/100|[from] item: Leftovers\n|-heal|p2a: Weezing|71/100|[from] item: Black Sludge\n|-damage|p2a: Weezing|58/100|[from] move: Magma Storm|[partiallytrapped]\n|-fieldend|Misty Terrain\n|upkeep\n|turn|17\n|\n|t:|1763746061\n|move|p1a: Heatran|Earth Power|p2a: Weezing\n|-supereffective|p2a: Weezing\n|-damage|p2a: Weezing|8/100\n|move|p2a: Weezing|Pain Split|p1a: Heatran\n|-sethp|p1a: Heatran|34/100|[from] move: Pain Split|[silent]\n|-sethp|p2a: Weezing|40/100|[from] move: Pain Split\n|\n|-heal|p1a: Heatran|41/100|[from] item: Leftovers\n|-heal|p2a: Weezing|46/100|[from] item: Black Sludge\n|-damage|p2a: Weezing|33/100|[from] move: Magma Storm|[partiallytrapped]\n|upkeep\n|turn|18\n|\n|t:|1763746071\n|move|p1a: Heatran|Earth Power|p2a: Weezing\n|-supereffective|p2a: Weezing\n|-damage|p2a: Weezing|0 fnt\n|faint|p2a: Weezing\n|\n|-heal|p1a: Heatran|47/100|[from] item: Leftovers\n|-sideend|p1: SparksTheNeo|move: Light Screen\n|upkeep\n|\n|t:|1763746075\n|switch|p2a: Corviknight|Corviknight-Mega, F|83/100\n|-damage|p2a: Corviknight|71/100|[from] Stealth Rock\n|turn|19\n|\n|t:|1763746093\n|switch|p1a: Toxapex|Toxapex, F|100/100\n|move|p2a: Corviknight|Flash Cannon|p1a: Toxapex\n|-resisted|p1a: Toxapex\n|-damage|p1a: Toxapex|89/100\n|\n|upkeep\n|turn|20\n|\n|t:|1763746100\n|move|p2a: Corviknight|Roost|p2a: Corviknight\n|-heal|p2a: Corviknight|100/100\n|-singleturn|p2a: Corviknight|move: Roost\n|move|p1a: Toxapex|Scald|p2a: Corviknight\n|-damage|p2a: Corviknight|88/100\n|\n|upkeep\n|turn|21\n|\n|t:|1763746110\n|switch|p2a: Necrozma|Necrozma|88/100\n|-damage|p2a: Necrozma|76/100|[from] Stealth Rock\n|move|p1a: Toxapex|Scald|p2a: Necrozma\n|-damage|p2a: Necrozma|59/100\n|-status|p2a: Necrozma|brn\n|\n|-damage|p2a: Necrozma|53/100 brn|[from] brn\n|upkeep\n|turn|22\n|\n|t:|1763746133\n|switch|p1a: Roserade-Hell|Roserade-Hell, F|100/100\n|-terastallize|p2a: Necrozma|Ground\n|move|p2a: Necrozma|Autotomize|p2a: Necrozma\n|-boost|p2a: Necrozma|spe|2\n|-start|p2a: Necrozma|Autotomize\n|\n|-damage|p2a: Necrozma|47/100 brn|[from] brn\n|upkeep\n|turn|23\n|\n|t:|1763746143\n|detailschange|p1a: Roserade-Hell|Roserade-Hell-Mega, F\n|-mega|p1a: Roserade-Hell|Roserade-Hell|Roseradite HELL\n|move|p2a: Necrozma|Earth Power|p1a: Roserade-Hell\n|-crit|p1a: Roserade-Hell\n|-damage|p1a: Roserade-Hell|15/100\n|-unboost|p1a: Roserade-Hell|spd|1\n|move|p1a: Roserade-Hell|Wicked Blow|p2a: Necrozma\n|-crit|p2a: Necrozma\n|-damage|p2a: Necrozma|0 fnt\n|faint|p2a: Necrozma\n|-ability|p1a: Roserade-Hell|Moxie|boost\n|-boost|p1a: Roserade-Hell|atk|1\n|\n|upkeep\n|c|☆SparksTheNeo|yo\n|c|☆SparksTheNeo|crit and special def drop\n|c|☆SparksTheNeo|insane\n|\n|t:|1763746165\n|switch|p2a: Chi-Yu|Chi-Yu|100/100\n|-damage|p2a: Chi-Yu|76/100|[from] Stealth Rock\n|-ability|p2a: Chi-Yu|Beads of Ruin\n|turn|24\n|\n|t:|1763746173\n|switch|p1a: Heatran|Heatran, M, tera:Fairy|47/100\n|move|p2a: Chi-Yu|Overheat|p1a: Heatran\n|-start|p1a: Heatran|ability: Flash Fire\n|\n|-heal|p1a: Heatran|53/100|[from] item: Leftovers\n|upkeep\n|turn|25\n|\n|t:|1763746184\n|switch|p2a: Keldeo|Keldeo-Resolute|68/100\n|-damage|p2a: Keldeo|62/100|[from] Stealth Rock\n|move|p1a: Heatran|Magma Storm|p2a: Keldeo\n|-resisted|p2a: Keldeo\n|-damage|p2a: Keldeo|22/100\n|-activate|p2a: Keldeo|move: Magma Storm|[of] p1a: Heatran\n|\n|-heal|p2a: Keldeo|28/100|[from] item: Leftovers\n|-heal|p1a: Heatran|59/100|[from] item: Leftovers\n|-damage|p2a: Keldeo|15/100|[from] move: Magma Storm|[partiallytrapped]\n|upkeep\n|turn|26\n|\n|t:|1763746197\n|-end|p1a: Heatran|ability: Flash Fire|[silent]\n|switch|p1a: Toxapex|Toxapex, F|100/100\n|move|p2a: Keldeo|Hydro Pump|p1a: Toxapex\n|-resisted|p1a: Toxapex\n|-damage|p1a: Toxapex|78/100\n|\n|-heal|p2a: Keldeo|21/100|[from] item: Leftovers\n|-end|p2a: Keldeo|Magma Storm|[partiallytrapped]|[silent]\n|upkeep\n|turn|27\n|\n|t:|1763746206\n|switch|p2a: Wigglytuff|Wigglytough, F|100/100\n|-damage|p2a: Wigglytuff|88/100|[from] Stealth Rock\n|move|p1a: Toxapex|Scald|p2a: Wigglytuff\n|-damage|p2a: Wigglytuff|73/100\n|\n|-heal|p2a: Wigglytuff|79/100|[from] item: Leftovers\n|upkeep\n|turn|28\n|\n|t:|1763746214\n|move|p2a: Wigglytuff|Moonblast|p1a: Toxapex\n|-resisted|p1a: Toxapex\n|-damage|p1a: Toxapex|63/100\n|-unboost|p1a: Toxapex|spa|1\n|move|p1a: Toxapex|Toxic|p2a: Wigglytuff\n|-status|p2a: Wigglytuff|tox\n|\n|-heal|p2a: Wigglytuff|86/100 tox|[from] item: Leftovers\n|-damage|p2a: Wigglytuff|79/100 tox|[from] psn\n|upkeep\n|turn|29\n|\n|t:|1763746221\n|move|p2a: Wigglytuff|Moonblast|p1a: Toxapex\n|-resisted|p1a: Toxapex\n|-damage|p1a: Toxapex|46/100\n|move|p1a: Toxapex|Recover|p1a: Toxapex\n|-heal|p1a: Toxapex|96/100\n|\n|-heal|p2a: Wigglytuff|86/100 tox|[from] item: Leftovers\n|-damage|p2a: Wigglytuff|73/100 tox|[from] psn\n|upkeep\n|turn|30\n|\n|t:|1763746226\n|move|p1a: Toxapex|Scald|p2a: Wigglytuff\n|-damage|p2a: Wigglytuff|63/100 tox\n|move|p2a: Wigglytuff|Teleport|p2a: Wigglytuff\n|\n|t:|1763746232\n|-curestatus|p2a: Wigglytuff|tox|[from] ability: Natural Cure\n|switch|p2a: Chi-Yu|Chi-Yu|76/100|[from] Teleport\n|-damage|p2a: Chi-Yu|51/100|[from] Stealth Rock\n|-ability|p2a: Chi-Yu|Beads of Ruin\n|\n|upkeep\n|turn|31\n|\n|t:|1763746240\n|move|p2a: Chi-Yu|Psychic|p1a: Toxapex\n|-supereffective|p1a: Toxapex\n|-damage|p1a: Toxapex|19/100\n|move|p1a: Toxapex|Scald|p2a: Chi-Yu\n|-supereffective|p2a: Chi-Yu\n|-damage|p2a: Chi-Yu|23/100\n|\n|upkeep\n|turn|32\n|\n|t:|1763746258\n|switch|p2a: Wigglytuff|Wigglytough, F|63/100\n|-damage|p2a: Wigglytuff|51/100|[from] Stealth Rock\n|switch|p1a: Roserade-Hell|Roserade-Hell-Mega, F|15/100\n|\n|-heal|p2a: Wigglytuff|57/100|[from] item: Leftovers\n|upkeep\n|turn|33\n|\n|t:|1763746269\n|move|p1a: Roserade-Hell|Poison Jab|p2a: Wigglytuff\n|-supereffective|p2a: Wigglytuff\n|-damage|p2a: Wigglytuff|17/100\n|move|p2a: Wigglytuff|Moonblast|p1a: Roserade-Hell\n|-supereffective|p1a: Roserade-Hell\n|-damage|p1a: Roserade-Hell|0 fnt\n|faint|p1a: Roserade-Hell\n|detailschange|p1: Roserade-Hell|Roserade-Hell, F|[silent]\n|\n|-heal|p2a: Wigglytuff|24/100|[from] item: Leftovers\n|upkeep\n|\n|t:|1763746275\n|switch|p1a: Mienshao-Hoenn|Mienshao-Hoenn, M|100/100\n|turn|34\n|\n|t:|1763746279\n|move|p1a: Mienshao-Hoenn|Surging Strikes|p2a: Wigglytuff\n|-crit|p2a: Wigglytuff\n|-damage|p2a: Wigglytuff|10/100\n|-crit|p2a: Wigglytuff\n|-damage|p2a: Wigglytuff|0 fnt\n|faint|p2a: Wigglytuff\n|-hitcount|p2: Wigglytuff|2\n|\n|upkeep\n|\n|t:|1763746282\n|switch|p2a: Corviknight|Corviknight-Mega, F|88/100\n|-damage|p2a: Corviknight|76/100|[from] Stealth Rock\n|turn|35\n|\n|t:|1763746290\n|switch|p1a: Toxapex|Toxapex, F|52/100\n|move|p2a: Corviknight|Roost|p2a: Corviknight\n|-heal|p2a: Corviknight|100/100\n|-singleturn|p2a: Corviknight|move: Roost\n|\n|upkeep\n|turn|36\n|\n|t:|1763746297\n|switch|p2a: Chi-Yu|Chi-Yu|23/100\n|-damage|p2a: Chi-Yu|0 fnt|[from] Stealth Rock\n|faint|p2a: Chi-Yu\n|switch|p1a: Electrode|Electrode|38/100\n|\n|upkeep\n|\n|t:|1763746307\n|switch|p2a: Corviknight|Corviknight-Mega, F|100/100\n|-damage|p2a: Corviknight|88/100|[from] Stealth Rock\n|turn|37\n|\n|t:|1763746311\n|move|p1a: Electrode|Volt Switch|p2a: Corviknight\n|-supereffective|p2a: Corviknight\n|-damage|p2a: Corviknight|55/100\n|\n|t:|1763746314\n|switch|p1a: Toxapex|Toxapex, F|86/100|[from] Volt Switch\n|move|p2a: Corviknight|Body Press|p1a: Toxapex\n|-resisted|p1a: Toxapex\n|-damage|p1a: Toxapex|78/100\n|-damage|p2a: Corviknight|39/100|[from] item: Rocky Helmet|[of] p1a: Toxapex\n|\n|upkeep\n|turn|38\n|\n|t:|1763746320\n|move|p2a: Corviknight|Roost|p2a: Corviknight\n|-heal|p2a: Corviknight|89/100\n|-singleturn|p2a: Corviknight|move: Roost\n|move|p1a: Toxapex|Scald|p2a: Corviknight\n|-damage|p2a: Corviknight|78/100\n|\n|upkeep\n|turn|39\n|\n|t:|1763746327\n|move|p2a: Corviknight|Flash Cannon|p1a: Toxapex\n|-resisted|p1a: Toxapex\n|-damage|p1a: Toxapex|67/100\n|move|p1a: Toxapex|Scald|p2a: Corviknight\n|-damage|p2a: Corviknight|68/100\n|\n|upkeep\n|turn|40\n|\n|t:|1763746331\n|move|p2a: Corviknight|Flash Cannon|p1a: Toxapex\n|-resisted|p1a: Toxapex\n|-damage|p1a: Toxapex|55/100\n|move|p1a: Toxapex|Recover|p1a: Toxapex\n|-heal|p1a: Toxapex|100/100\n|\n|upkeep\n|turn|41\n|\n|t:|1763746335\n|move|p2a: Corviknight|Flash Cannon|p1a: Toxapex\n|-resisted|p1a: Toxapex\n|-damage|p1a: Toxapex|89/100\n|move|p1a: Toxapex|Scald|p2a: Corviknight\n|-damage|p2a: Corviknight|55/100\n|\n|upkeep\n|turn|42\n|\n|t:|1763746340\n|move|p2a: Corviknight|Flash Cannon|p1a: Toxapex\n|-resisted|p1a: Toxapex\n|-damage|p1a: Toxapex|76/100\n|move|p1a: Toxapex|Scald|p2a: Corviknight\n|-damage|p2a: Corviknight|45/100\n|\n|upkeep\n|turn|43\n|\n|t:|1763746344\n|move|p2a: Corviknight|Roost|p2a: Corviknight\n|-heal|p2a: Corviknight|95/100\n|-singleturn|p2a: Corviknight|move: Roost\n|move|p1a: Toxapex|Scald|p2a: Corviknight\n|-damage|p2a: Corviknight|83/100\n|\n|upkeep\n|turn|44\n|\n|t:|1763746348\n|move|p2a: Corviknight|Flash Cannon|p1a: Toxapex\n|-resisted|p1a: Toxapex\n|-damage|p1a: Toxapex|66/100\n|move|p1a: Toxapex|Scald|p2a: Corviknight\n|-damage|p2a: Corviknight|72/100\n|-status|p2a: Corviknight|brn\n|\n|-damage|p2a: Corviknight|66/100 brn|[from] brn\n|upkeep\n|turn|45\n|\n|t:|1763746353\n|move|p2a: Corviknight|Flash Cannon|p1a: Toxapex\n|-resisted|p1a: Toxapex\n|-damage|p1a: Toxapex|54/100\n|move|p1a: Toxapex|Recover|p1a: Toxapex\n|-heal|p1a: Toxapex|100/100\n|\n|-damage|p2a: Corviknight|60/100 brn|[from] brn\n|upkeep\n|turn|46\n|\n|t:|1763746356\n|switch|p1a: Mienshao-Hoenn|Mienshao-Hoenn, M|100/100\n|move|p2a: Corviknight|Flash Cannon|p1a: Mienshao-Hoenn\n|-resisted|p1a: Mienshao-Hoenn\n|-damage|p1a: Mienshao-Hoenn|75/100\n|\n|-damage|p2a: Corviknight|54/100 brn|[from] brn\n|upkeep\n|turn|47\n|\n|t:|1763746363\n|move|p1a: Mienshao-Hoenn|Flip Turn|p2a: Corviknight\n|-damage|p2a: Corviknight|33/100 brn\n|\n|t:|1763746369\n|switch|p1a: Electrode|Electrode|38/100|[from] Flip Turn\n|move|p2a: Corviknight|Roost|p2a: Corviknight\n|-heal|p2a: Corviknight|83/100 brn\n|-singleturn|p2a: Corviknight|move: Roost\n|\n|-damage|p2a: Corviknight|77/100 brn|[from] brn\n|upkeep\n|turn|48\n|\n|t:|1763746376\n|move|p1a: Electrode|Volt Switch|p2a: Corviknight\n|-supereffective|p2a: Corviknight\n|-damage|p2a: Corviknight|44/100 brn\n|\n|t:|1763746385\n|switch|p1a: Toxapex|Toxapex, F|100/100|[from] Volt Switch\n|move|p2a: Corviknight|Flash Cannon|p1a: Toxapex\n|-resisted|p1a: Toxapex\n|-damage|p1a: Toxapex|90/100\n|\n|-damage|p2a: Corviknight|38/100 brn|[from] brn\n|upkeep\n|turn|49\n|\n|t:|1763746390\n|move|p2a: Corviknight|Roost|p2a: Corviknight\n|-heal|p2a: Corviknight|88/100 brn\n|-singleturn|p2a: Corviknight|move: Roost\n|move|p1a: Toxapex|Scald|p2a: Corviknight\n|-crit|p2a: Corviknight\n|-damage|p2a: Corviknight|71/100 brn\n|\n|-damage|p2a: Corviknight|65/100 brn|[from] brn\n|upkeep\n|turn|50\n|\n|t:|1763746394\n|move|p2a: Corviknight|Flash Cannon|p1a: Toxapex\n|-resisted|p1a: Toxapex\n|-damage|p1a: Toxapex|78/100\n|move|p1a: Toxapex|Scald|p2a: Corviknight\n|-damage|p2a: Corviknight|54/100 brn\n|\n|-damage|p2a: Corviknight|48/100 brn|[from] brn\n|upkeep\n|turn|51\n|\n|t:|1763746399\n|switch|p1a: Electrode|Electrode|38/100\n|move|p2a: Corviknight|Flash Cannon|p1a: Electrode\n|-resisted|p1a: Electrode\n|-damage|p1a: Electrode|16/100\n|-unboost|p1a: Electrode|spd|1\n|\n|-damage|p2a: Corviknight|42/100 brn|[from] brn\n|upkeep\n|turn|52\n|\n|t:|1763746403\n|move|p1a: Electrode|Volt Switch|p2a: Corviknight\n|-supereffective|p2a: Corviknight\n|-damage|p2a: Corviknight|5/100 brn\n|\n|t:|1763746410\n|switch|p1a: Mienshao-Hoenn|Mienshao-Hoenn, M|100/100|[from] Volt Switch\n|move|p2a: Corviknight|Roost|p2a: Corviknight\n|-heal|p2a: Corviknight|55/100 brn\n|-singleturn|p2a: Corviknight|move: Roost\n|\n|-damage|p2a: Corviknight|49/100 brn|[from] brn\n|upkeep\n|turn|53\n|\n|t:|1763746416\n|move|p1a: Mienshao-Hoenn|Surging Strikes|p2a: Corviknight\n|-crit|p2a: Corviknight\n|-damage|p2a: Corviknight|36/100 brn\n|-crit|p2a: Corviknight\n|-damage|p2a: Corviknight|22/100 brn\n|-crit|p2a: Corviknight\n|-damage|p2a: Corviknight|10/100 brn\n|-hitcount|p2a: Corviknight|3\n|move|p2a: Corviknight|Roost|p2a: Corviknight\n|-heal|p2a: Corviknight|60/100 brn\n|-singleturn|p2a: Corviknight|move: Roost\n|\n|-damage|p2a: Corviknight|54/100 brn|[from] brn\n|upkeep\n|turn|54\n|\n|t:|1763746425\n|switch|p1a: Toxapex|Toxapex, F|100/100\n|move|p2a: Corviknight|U-turn|p1a: Toxapex\n|-resisted|p1a: Toxapex\n|-damage|p1a: Toxapex|99/100\n|-damage|p2a: Corviknight|38/100 brn|[from] item: Rocky Helmet|[of] p1a: Toxapex\n|\n|t:|1763746428\n|switch|p2a: Keldeo|Keldeo-Resolute|21/100|[from] U-turn\n|-damage|p2a: Keldeo|15/100|[from] Stealth Rock\n|\n|-heal|p2a: Keldeo|21/100|[from] item: Leftovers\n|upkeep\n|turn|55\n|\n|t:|1763746431\n|move|p2a: Keldeo|Hydro Pump|p1a: Toxapex\n|-resisted|p1a: Toxapex\n|-damage|p1a: Toxapex|76/100\n|move|p1a: Toxapex|Scald|p2a: Keldeo\n|-resisted|p2a: Keldeo\n|-damage|p2a: Keldeo|12/100\n|\n|-heal|p2a: Keldeo|18/100|[from] item: Leftovers\n|upkeep\n|turn|56\n|\n|t:|1763746438\n|move|p2a: Keldeo|Hydro Pump|p1a: Toxapex\n|-resisted|p1a: Toxapex\n|-damage|p1a: Toxapex|51/100\n|move|p1a: Toxapex|Toxic|p2a: Keldeo\n|-status|p2a: Keldeo|tox\n|\n|-heal|p2a: Keldeo|24/100 tox|[from] item: Leftovers\n|-damage|p2a: Keldeo|18/100 tox|[from] psn\n|upkeep\n|turn|57\n|\n|t:|1763746443\n|move|p2a: Keldeo|Secret Sword|p1a: Toxapex\n|-resisted|p1a: Toxapex\n|-damage|p1a: Toxapex|38/100\n|move|p1a: Toxapex|Recover|p1a: Toxapex\n|-heal|p1a: Toxapex|88/100\n|\n|-heal|p2a: Keldeo|24/100 tox|[from] item: Leftovers\n|-damage|p2a: Keldeo|12/100 tox|[from] psn\n|upkeep\n|turn|58\n|\n|t:|1763746448\n|move|p2a: Keldeo|Hydro Pump|p1a: Toxapex\n|-resisted|p1a: Toxapex\n|-damage|p1a: Toxapex|64/100\n|move|p1a: Toxapex|Scald|p2a: Keldeo\n|-resisted|p2a: Keldeo\n|-damage|p2a: Keldeo|2/100 tox\n|\n|-heal|p2a: Keldeo|8/100 tox|[from] item: Leftovers\n|-damage|p2a: Keldeo|0 fnt|[from] psn\n|faint|p2a: Keldeo\n|upkeep\n|\n|t:|1763746451\n|switch|p2a: Corviknight|Corviknight-Mega, F|38/100 brn\n|-damage|p2a: Corviknight|25/100 brn|[from] Stealth Rock\n|turn|59\n|\n|t:|1763746455\n|move|p2a: Corviknight|Flash Cannon|p1a: Toxapex\n|-resisted|p1a: Toxapex\n|-damage|p1a: Toxapex|53/100\n|move|p1a: Toxapex|Scald|p2a: Corviknight\n|-damage|p2a: Corviknight|15/100 brn\n|\n|-damage|p2a: Corviknight|9/100 brn|[from] brn\n|upkeep\n|turn|60\n|c|☆liviifailure|gg\n|\n|t:|1763746460\n|move|p2a: Corviknight|Flash Cannon|p1a: Toxapex\n|-resisted|p1a: Toxapex\n|-damage|p1a: Toxapex|40/100\n|move|p1a: Toxapex|Recover|p1a: Toxapex\n|-heal|p1a: Toxapex|91/100\n|\n|-damage|p2a: Corviknight|3/100 brn|[from] brn\n|upkeep\n|turn|61\n|c|☆SparksTheNeo|gg\n|\n|t:|1763746466\n|move|p2a: Corviknight|Flash Cannon|p1a: Toxapex\n|-resisted|p1a: Toxapex\n|-damage|p1a: Toxapex|79/100\n|move|p1a: Toxapex|Scald|p2a: Corviknight\n|-damage|p2a: Corviknight|0 fnt\n|faint|p2a: Corviknight\n|detailschange|p2: Corviknight|Corviknight, F|[silent]\n|\n|win|SparksTheNeo\n","players":["SparksTheNeo","liviifailure"],"format":"[Gen 9] NatDex Draft","rating":null,"private":0,"password":null,"inputlog":">version fcbd19b897670a6ca2d6afcd55efaaf2b6c6cc9b\n>start {\"formatid\":\"gen9natdexdraft@@@Tera Type Preview\",\"seed\":\"sodium,2a239aefef9928b5e2016621a5b8a7a0\"}\n>player p1 {\"name\":\"SparksTheNeo\",\"avatar\":\"169\",\"team\":\"Mienshao-Hoenn||ChoiceScarf|Regenerator|SurgingStrikes,FlipTurn,IceSpinner,CloseCombat|Jolly|,252,,,4,252|M||||,,,,,Water]Heatran||Leftovers|FlashFire|EarthPower,StealthRock,MagmaStorm,Toxic|Calm|252,,,4,252,|M|,0,,,,|||,,,,,Fairy]Toxapex||RockyHelmet|Regenerator|Recover,Haze,Scald,Toxic|Bold|248,,252,,8,|F|,0,,,,|||,,,,,Poison]Roserade-Hell||RoseraditeHELL|NaturalCure|SwordsDance,WickedBlow,PoisonJab,CloseCombat|Jolly|,252,,,4,252|F||||,,,,,Dark]Tsareena||Leftovers|QueenlyMajesty|RapidSpin,TropKick,Uturn,Synthesis|Impish|252,,144,,112,|F||||,,,,,Grass]Electrode||HeavyDutyBoots|Static|VoltSwitch,HiddenPowerIce,LightScreen,Toxic|Timid|,,,252,4,252|N|,0,,,,|||,Ice,,,,Ice\",\"rating\":0}\n>player p2 {\"name\":\"liviifailure\",\"avatar\":\"iris-gen5bw2\",\"team\":\"Wigglytuff|Wigglytough|Leftovers|NaturalCure|IceBeam,SoftBoiled,Teleport,Moonblast|Bold|252,,252,4,,|F|,0,,,,|||,,,,,Stellar]Necrozma||WeaknessPolicy|PrismArmor|EarthPower,StoredPower,DarkPulse,Autotomize|Modest|152,,,252,,104|N|,0,,,,|||,,,,,Ground]Keldeo|KeldeoResolute|Leftovers|Justified|SecretSword,HydroPump,FlipTurn,Substitute|Timid|24,,,252,,232|N||||,,,,,Stellar]Chi-Yu||ChoiceScarf|BeadsofRuin|DarkPulse,Overheat,Flamethrower,Psychic|Modest|24,,4,252,,228|N|,0,,,,|||,,,,,Stellar]Corviknight||Corviknightite|Pressure|BodyPress,FlashCannon,Roost,Uturn|Bold|248,,64,,,196|F||||,,,,,Stellar]Weezing|WeezingGalar|BlackSludge|MistySurge|StrangeSteam,Thunderbolt,PainSplit,WillOWisp|Calm|252,,,4,252,|F|,0,,,,|||,,,,,Stellar\",\"rating\":0}\n>chat ☆liviifailure|glhf\n>chat ☆SparksTheNeo|u2\n>p1 team 6, 2, 3, 4, 5, 1\n>p2 team 4, 2, 3, 1, 5, 6\n>p1 switch 2\n>p2 move overheat\n>p1 move stealthrock\n>p2 switch 3\n>p1 switch 3\n>p2 move flipturn\n>p2 switch 6\n>p1 switch 3\n>p2 move thunderbolt\n>p1 move magmastorm\n>p2 switch 6\n>p1 switch 3\n>p2 switch 2\n>p1 move toxic\n>p2 move earthpower\n>chat ☆SparksTheNeo|breh im dumb\n>chat ☆liviifailure|:sob:\n>p1 switch 5\n>p2 move earthpower\n>p1 move uturn\n>p2 switch 5\n>p1 switch 3\n>p1 move magmastorm\n>p2 move bodypress mega\n>chat ☆liviifailure|mb\n>chat ☆SparksTheNeo|breeeeh\n>p1 move magmastorm terastallize\n>p2 switch 2\n>chat ☆SparksTheNeo|hrrrrrm\n>p1 switch 5\n>p2 move flipturn\n>p2 switch 6\n>p1 switch 2\n>p2 move strangesteam\n>p1 move lightscreen\n>p2 move strangesteam\n>p1 move voltswitch\n>p2 move strangesteam\n>p1 switch 5\n>p1 move magmastorm\n>p2 move painsplit\n>p1 move earthpower\n>p2 move painsplit\n>p1 move earthpower\n>p2 move painsplit\n>p2 switch 2\n>p1 switch 2\n>p2 move flashcannon\n>p1 move scald\n>p2 move roost\n>p1 move scald\n>p2 switch 5\n>p1 switch 4\n>p2 move autotomize terastallize\n>p1 move wickedblow mega\n>p2 move earthpower\n>chat ☆SparksTheNeo|yo\n>chat ☆SparksTheNeo|crit and special def drop\n>chat ☆SparksTheNeo|insane\n>p2 switch 3\n>p1 switch 2\n>p2 move overheat\n>p1 move magmastorm\n>p2 switch 6\n>p1 switch 4\n>p2 move hydropump\n>p1 move scald\n>p2 switch 4\n>p1 move toxic\n>p2 move moonblast\n>p1 move recover\n>p2 move moonblast\n>p1 move scald\n>p2 move teleport\n>p2 switch 6\n>p1 move scald\n>p2 move psychic\n>p1 switch 2\n>p2 switch 6\n>p1 move poisonjab\n>p2 move moonblast\n>p1 switch 6\n>p1 move surgingstrikes\n>p2 move softboiled\n>p2 switch 5\n>p1 switch 2\n>p2 move roost\n>p1 switch 5\n>p2 switch 6\n>p2 switch 6\n>p1 move voltswitch\n>p2 move bodypress\n>p1 switch 5\n>p1 move scald\n>p2 move roost\n>p1 move scald\n>p2 move flashcannon\n>p1 move recover\n>p2 move flashcannon\n>p1 move scald\n>p2 move flashcannon\n>p1 move scald\n>p2 move flashcannon\n>p1 move scald\n>p2 move roost\n>p1 move scald\n>p2 move flashcannon\n>p1 move recover\n>p2 move flashcannon\n>p1 switch 2\n>p2 move flashcannon\n>p1 move flipturn\n>p2 move roost\n>p1 switch 5\n>p1 move voltswitch\n>p2 move flashcannon\n>p1 switch 2\n>p1 move scald\n>p2 move roost\n>p1 move scald\n>p2 move flashcannon\n>p1 switch 2\n>p2 move flashcannon\n>p1 move voltswitch\n>p2 move roost\n>p1 switch 5\n>p1 move surgingstrikes\n>p2 move roost\n>p1 switch 2\n>p2 move uturn\n>p2 switch 4\n>p1 move scald\n>p2 move hydropump\n>p1 move toxic\n>p2 move hydropump\n>p1 move recover\n>p2 move secretsword\n>p1 move scald\n>p2 move hydropump\n>p2 switch 4\n>p1 move scald\n>p2 move flashcannon\n>chat ☆liviifailure|gg\n>p1 move recover\n>p2 move flashcannon\n>chat ☆SparksTheNeo|gg\n>p1 move scald\n>p2 move flashcannon","uploadtime":1763746483}