{"id":"gen9natdexdraft-538","log":"|j|☆Ark 64\n|j|☆The_Shawdoin\n|t:|1764365106\n|gametype|singles\n|player|p1|Ark 64|170|\n|player|p2|The_Shawdoin|caitlin|\n|gen|9\n|tier|[Gen 9] NatDex Draft\n|rule|Tera Type Preview: Tera Types are shown at Team Preview\n|rule|Sleep Clause Mod: Limit one foe put to sleep\n|rule|OHKO Clause: OHKO moves are banned\n|rule|Evasion Clause: Evasion abilities, items, and moves are banned\n|rule|Evasion Abilities Clause: Evasion abilities are banned\n|rule|Evasion Items Clause: Evasion items are banned\n|rule|Evasion Moves Clause: Evasion moves are banned\n|rule|Endless Battle Clause: Forcing endless battles is banned\n|rule|HP Percentage Mod: HP is shown in percentages\n|raw|<div class=\"infobox\"><details class=\"readmore\" open><summary><strong>1 custom rule:</strong></summary> Tera Type Preview</details></div>\n|clearpoke\n|poke|p1|Tapu Koko|\n|poke|p1|Iron Bundle|\n|poke|p1|Runerigus, F|\n|poke|p1|Iron Gear, F|\n|poke|p1|Ogerpon-Wellspring, F|\n|poke|p1|Iron Jugulis|\n|poke|p2|Wild Wind, M|\n|poke|p2|Drifblim-Hell, M|\n|poke|p2|Iron Saw, F|\n|poke|p2|Gouging Fire|\n|poke|p2|Terapagos, M|\n|poke|p2|Zapdos|\n|raw|Ark 64's Tera Types:<br /><psicon pokemon=\"tapukoko\" /><psicon type=\"Stellar\" /> / <psicon pokemon=\"ironbundle\" /><psicon type=\"Ice\" /> / <psicon pokemon=\"runerigus\" /><psicon type=\"Ground\" /> / <psicon pokemon=\"irongear\" /><psicon type=\"Psychic\" /> / <psicon pokemon=\"ogerponwellspring\" /><psicon type=\"Water\" /> / <psicon pokemon=\"ironjugulis\" /><psicon type=\"Dark\" />\n|raw|The_Shawdoin's Tera Types:<br /><psicon pokemon=\"wildwind\" /><psicon type=\"Dark\" /> / <psicon pokemon=\"drifblimhell\" /><psicon type=\"Water\" /> / <psicon pokemon=\"ironsaw\" /><psicon type=\"Electric\" /> / <psicon pokemon=\"gougingfire\" /><psicon type=\"Fire\" /> / <psicon pokemon=\"terapagos\" /><psicon type=\"Stellar\" /> / <psicon pokemon=\"zapdos\" /><psicon type=\"Electric\" />\n|teampreview\n|c|☆The_Shawdoin|I do not remember my prep at all f it we ball\n|c|☆The_Shawdoin|gl hf\n|c|☆Ark 64|U2\n|\n|t:|1764365139\n|teamsize|p1|6\n|teamsize|p2|6\n|start\n|switch|p1a: Runerigus|Runerigus, F|100/100\n|switch|p2a: Wild Wind|Wild Wind, M|100/100\n|turn|1\n|\n|t:|1764365146\n|switch|p1a: Tapu Koko|Tapu Koko|100/100\n|-fieldstart|move: Electric Terrain|[from] ability: Electric Surge|[of] p1a: Tapu Koko\n|move|p2a: Wild Wind|Cotton Guard|p2a: Wild Wind\n|-boost|p2a: Wild Wind|def|3\n|\n|upkeep\n|turn|2\n|\n|t:|1764365157\n|move|p1a: Tapu Koko|Dazzling Gleam|p2a: Wild Wind\n|-damage|p2a: Wild Wind|81/100\n|move|p2a: Wild Wind|Dire Claw|p1a: Tapu Koko\n|-supereffective|p1a: Tapu Koko\n|-damage|p1a: Tapu Koko|56/100\n|\n|-heal|p2a: Wild Wind|87/100|[from] item: Leftovers\n|upkeep\n|turn|3\n|j|~SparksTheNeo\n|c|☆Ark 64|Why does this have dire claw…\n|c|☆The_Shawdoin|you didnt know?\n|c|~SparksTheNeo|gukp\n|c|☆The_Shawdoin|whole reason I drafted it\n|c|☆Ark 64|Sparks I blame you for this\n|c|☆The_Shawdoin|its 14\n|c|☆The_Shawdoin|tera 16\n|c|☆The_Shawdoin|:3\n|\n|t:|1764365199\n|switch|p1a: Runerigus|Runerigus, F|100/100\n|move|p2a: Wild Wind|Leech Seed|p1a: Runerigus\n|-start|p1a: Runerigus|move: Leech Seed\n|\n|-heal|p2a: Wild Wind|93/100|[from] item: Leftovers\n|-damage|p1a: Runerigus|88/100|[from] Leech Seed|[of] p2a: Wild Wind\n|-heal|p2a: Wild Wind|100/100|[silent]\n|upkeep\n|turn|4\n|\n|t:|1764365203\n|detailschange|p1a: Runerigus|Runerigus-Mega, F\n|-mega|p1a: Runerigus|Runerigus|Runerigusite\n|-ability|p1a: Runerigus|Tablets of Ruin\n|move|p2a: Wild Wind|Wish|p2a: Wild Wind\n|move|p1a: Runerigus|Will-O-Wisp|p2a: Wild Wind\n|-status|p2a: Wild Wind|brn\n|\n|-damage|p1a: Runerigus|76/100|[from] Leech Seed|[of] p2a: Wild Wind\n|-damage|p2a: Wild Wind|94/100 brn|[from] brn\n|upkeep\n|turn|5\n|\n|t:|1764365213\n|move|p2a: Wild Wind|Cotton Guard|p2a: Wild Wind\n|-boost|p2a: Wild Wind|def|3\n|move|p1a: Runerigus|Stealth Rock|p2a: Wild Wind\n|-sidestart|p2: The_Shawdoin|move: Stealth Rock\n|\n|-heal|p2a: Wild Wind|100/100 brn|[from] move: Wish|[wisher] Wild Wind\n|-damage|p1a: Runerigus|64/100|[from] Leech Seed|[of] p2a: Wild Wind\n|-damage|p2a: Wild Wind|94/100 brn|[from] brn\n|-fieldend|move: Electric Terrain\n|upkeep\n|turn|6\n|\n|t:|1764365216\n|switch|p1a: Iron Jugulis|Iron Jugulis|100/100\n|move|p2a: Wild Wind|Dire Claw|p1a: Iron Jugulis\n|-damage|p1a: Iron Jugulis|91/100\n|\n|-heal|p2a: Wild Wind|100/100 brn|[from] item: Leftovers\n|-damage|p2a: Wild Wind|94/100 brn|[from] brn\n|upkeep\n|turn|7\n|\n|t:|1764365228\n|move|p1a: Iron Jugulis|Hurricane|p2a: Wild Wind\n|-supereffective|p2a: Wild Wind\n|-damage|p2a: Wild Wind|29/100 brn\n|move|p2a: Wild Wind|Dire Claw|p1a: Iron Jugulis\n|-damage|p1a: Iron Jugulis|83/100\n|\n|-heal|p2a: Wild Wind|35/100 brn|[from] item: Leftovers\n|-damage|p2a: Wild Wind|29/100 brn|[from] brn\n|upkeep\n|turn|8\n|\n|t:|1764365253\n|-end|p2a: Wild Wind|Protosynthesis|[silent]\n|switch|p2a: Iron Saw|Iron Saw, F|100/100\n|-damage|p2a: Iron Saw|94/100|[from] Stealth Rock\n|-enditem|p2a: Iron Saw|Booster Energy\n|-activate|p2a: Iron Saw|ability: Quark Drive|[fromitem]\n|-start|p2a: Iron Saw|quarkdrivespe\n|move|p1a: Iron Jugulis|Hurricane|p2a: Iron Saw|[miss]\n|-miss|p1a: Iron Jugulis|p2a: Iron Saw\n|\n|upkeep\n|turn|9\n|\n|t:|1764365263\n|-end|p1a: Iron Jugulis|Quark Drive|[silent]\n|switch|p1a: Runerigus|Runerigus-Mega, F|64/100\n|-ability|p1a: Runerigus|Tablets of Ruin\n|move|p2a: Iron Saw|Swords Dance|p2a: Iron Saw\n|-boost|p2a: Iron Saw|atk|2\n|\n|upkeep\n|turn|10\n|\n|t:|1764365266\n|move|p2a: Iron Saw|Night Slash|p1a: Runerigus\n|-supereffective|p1a: Runerigus\n|-damage|p1a: Runerigus|23/100\n|move|p1a: Runerigus|Will-O-Wisp|p2a: Iron Saw\n|-status|p2a: Iron Saw|brn\n|\n|-damage|p2a: Iron Saw|88/100 brn|[from] brn\n|upkeep\n|turn|11\n|\n|t:|1764365272\n|move|p2a: Iron Saw|Swords Dance|p2a: Iron Saw\n|-boost|p2a: Iron Saw|atk|2\n|move|p1a: Runerigus|Earthquake|p2a: Iron Saw\n|-supereffective|p2a: Iron Saw\n|-damage|p2a: Iron Saw|0 fnt\n|faint|p2a: Iron Saw\n|-end|p2a: Iron Saw|Quark Drive|[silent]\n|\n|upkeep\n|\n|t:|1764365278\n|switch|p2a: Drifblim-Hell|Drifblim-Hell, M|100/100\n|-damage|p2a: Drifblim-Hell|88/100|[from] Stealth Rock\n|turn|12\n|\n|t:|1764365289\n|switch|p1a: Iron Gear|Iron Gear, F|100/100\n|detailschange|p2a: Drifblim-Hell|Drifblim-Hell-Mega, M\n|-mega|p2a: Drifblim-Hell|Drifblim-Hell|Drifblimite Hell\n|move|p2a: Drifblim-Hell|Calm Mind|p2a: Drifblim-Hell\n|-boost|p2a: Drifblim-Hell|spa|1\n|-boost|p2a: Drifblim-Hell|spd|1\n|\n|upkeep\n|turn|13\n|\n|t:|1764365297\n|move|p1a: Iron Gear|Psychic|p2a: Drifblim-Hell\n|-supereffective|p2a: Drifblim-Hell\n|-damage|p2a: Drifblim-Hell|35/100\n|-damage|p1a: Iron Gear|91/100|[from] item: Life Orb\n|move|p2a: Drifblim-Hell|Calm Mind|p2a: Drifblim-Hell\n|-boost|p2a: Drifblim-Hell|spa|1\n|-boost|p2a: Drifblim-Hell|spd|1\n|\n|upkeep\n|turn|14\n|\n|t:|1764365306\n|move|p1a: Iron Gear|Psychic|p2a: Drifblim-Hell\n|-supereffective|p2a: Drifblim-Hell\n|-damage|p2a: Drifblim-Hell|0 fnt\n|faint|p2a: Drifblim-Hell\n|detailschange|p2: Drifblim-Hell|Drifblim-Hell, M|[silent]\n|-damage|p1a: Iron Gear|81/100|[from] item: Life Orb\n|\n|upkeep\n|\n|t:|1764365311\n|switch|p2a: Terapagos|Terapagos, M|100/100\n|-activate|p2a: Terapagos|ability: Tera Shift\n|detailschange|p2a: Terapagos|Terapagos-Terastal, M\n|-heal|p2a: Terapagos|100/100|[silent]\n|-damage|p2a: Terapagos|88/100|[from] Stealth Rock\n|turn|15\n|\n|t:|1764365315\n|move|p1a: Iron Gear|Nature's Madness|p2a: Terapagos\n|-damage|p2a: Terapagos|44/100\n|-damage|p1a: Iron Gear|72/100|[from] item: Life Orb\n|move|p2a: Terapagos|Rapid Spin|p1a: Iron Gear\n|-resisted|p1a: Iron Gear\n|-damage|p1a: Iron Gear|63/100\n|-boost|p2a: Terapagos|spe|1\n|-sideend|p2: The_Shawdoin|Stealth Rock|[from] move: Rapid Spin|[of] p2a: Terapagos\n|\n|-heal|p2a: Terapagos|50/100|[from] item: Leftovers\n|upkeep\n|turn|16\n|\n|t:|1764365322\n|move|p1a: Iron Gear|Psychic|p2a: Terapagos\n|-damage|p2a: Terapagos|19/100\n|-unboost|p2a: Terapagos|spd|1\n|-damage|p1a: Iron Gear|53/100|[from] item: Life Orb\n|move|p2a: Terapagos|Stealth Rock|p1a: Iron Gear\n|-sidestart|p1: Ark 64|move: Stealth Rock\n|\n|-heal|p2a: Terapagos|25/100|[from] item: Leftovers\n|upkeep\n|turn|17\n|\n|t:|1764365332\n|move|p1a: Iron Gear|Psychic|p2a: Terapagos\n|-damage|p2a: Terapagos|0 fnt\n|faint|p2a: Terapagos\n|-damage|p1a: Iron Gear|44/100|[from] item: Life Orb\n|\n|upkeep\n|\n|t:|1764365336\n|switch|p2a: Gouging Fire|Gouging Fire|100/100\n|-enditem|p2a: Gouging Fire|Booster Energy\n|-activate|p2a: Gouging Fire|ability: Protosynthesis|[fromitem]\n|-start|p2a: Gouging Fire|protosynthesisspe\n|turn|18\n|\n|t:|1764365341\n|move|p2a: Gouging Fire|Dragon Dance|p2a: Gouging Fire\n|-boost|p2a: Gouging Fire|atk|1\n|-boost|p2a: Gouging Fire|spe|1\n|move|p1a: Iron Gear|Thunder Wave|p2a: Gouging Fire\n|-status|p2a: Gouging Fire|par\n|\n|upkeep\n|turn|19\n|\n|t:|1764365345\n|move|p1a: Iron Gear|Nature's Madness|p2a: Gouging Fire\n|-damage|p2a: Gouging Fire|51/100 par\n|-damage|p1a: Iron Gear|34/100|[from] item: Life Orb\n|move|p2a: Gouging Fire|Dragon Dance|p2a: Gouging Fire\n|-boost|p2a: Gouging Fire|atk|1\n|-boost|p2a: Gouging Fire|spe|1\n|\n|upkeep\n|turn|20\n|\n|t:|1764365359\n|move|p2a: Gouging Fire|Crunch|p1a: Iron Gear\n|-supereffective|p1a: Iron Gear\n|-damage|p1a: Iron Gear|0 fnt\n|faint|p1a: Iron Gear\n|-end|p1a: Iron Gear|Quark Drive|[silent]\n|\n|upkeep\n|\n|t:|1764365367\n|switch|p1a: Iron Jugulis|Iron Jugulis|83/100\n|-damage|p1a: Iron Jugulis|58/100|[from] Stealth Rock\n|turn|21\n|\n|t:|1764365371\n|move|p1a: Iron Jugulis|Dark Pulse|p2a: Gouging Fire\n|-damage|p2a: Gouging Fire|10/100 par\n|move|p2a: Gouging Fire|Flare Blitz|p1a: Iron Jugulis\n|-damage|p1a: Iron Jugulis|0 fnt\n|faint|p1a: Iron Jugulis\n|-end|p1a: Iron Jugulis|Quark Drive|[silent]\n|-damage|p2a: Gouging Fire|0 fnt|[from] Recoil\n|faint|p2a: Gouging Fire\n|-end|p2a: Gouging Fire|Protosynthesis|[silent]\n|\n|upkeep\n|\n|t:|1764365382\n|switch|p1a: Iron Bundle|Iron Bundle|100/100\n|switch|p2a: Zapdos|Zapdos|100/100\n|-damage|p1a: Iron Bundle|76/100|[from] Stealth Rock\n|turn|22\n|\n|t:|1764365387\n|move|p1a: Iron Bundle|Flip Turn|p2a: Zapdos\n|-damage|p2a: Zapdos|84/100\n|-status|p1a: Iron Bundle|par|[from] ability: Static|[of] p2a: Zapdos\n|\n|t:|1764365391\n|-end|p1a: Iron Bundle|Quark Drive|[silent]\n|switch|p1a: Tapu Koko|Tapu Koko|56/100|[from] Flip Turn\n|-fieldstart|move: Electric Terrain|[from] ability: Electric Surge|[of] p1a: Tapu Koko\n|move|p2a: Zapdos|Volt Switch|p1a: Tapu Koko\n|-resisted|p1a: Tapu Koko\n|-damage|p1a: Tapu Koko|26/100\n|\n|t:|1764365394\n|switch|p2a: Wild Wind|Wild Wind, M|29/100 brn|[from] Volt Switch\n|\n|-heal|p2a: Wild Wind|35/100 brn|[from] item: Leftovers\n|-damage|p2a: Wild Wind|29/100 brn|[from] brn\n|upkeep\n|turn|23\n|\n|t:|1764365398\n|-terastallize|p1a: Tapu Koko|Stellar\n|move|p1a: Tapu Koko|Thunderbolt|p2a: Wild Wind\n|-resisted|p2a: Wild Wind\n|-damage|p2a: Wild Wind|10/100 brn\n|move|p2a: Wild Wind|Wish|p2a: Wild Wind\n|\n|-heal|p2a: Wild Wind|16/100 brn|[from] item: Leftovers\n|-damage|p2a: Wild Wind|10/100 brn|[from] brn\n|upkeep\n|turn|24\n|\n|t:|1764365410\n|move|p1a: Tapu Koko|Thunderbolt|p2a: Wild Wind\n|-resisted|p2a: Wild Wind\n|-damage|p2a: Wild Wind|0 fnt\n|faint|p2a: Wild Wind\n|-end|p2a: Wild Wind|Protosynthesis|[silent]\n|\n|upkeep\n|\n|t:|1764365411\n|switch|p2a: Zapdos|Zapdos|84/100\n|turn|25\n|\n|t:|1764365418\n|move|p1a: Tapu Koko|Thunderbolt|p2a: Zapdos\n|-damage|p2a: Zapdos|30/100\n|move|p2a: Zapdos|Roost|p2a: Zapdos\n|-heal|p2a: Zapdos|80/100\n|-singleturn|p2a: Zapdos|move: Roost\n|\n|upkeep\n|turn|26\n|\n|t:|1764365439\n|move|p1a: Tapu Koko|Thunderbolt|p2a: Zapdos\n|-crit|p2a: Zapdos\n|-damage|p2a: Zapdos|9/100\n|move|p2a: Zapdos|Roost|p2a: Zapdos\n|-heal|p2a: Zapdos|59/100\n|-singleturn|p2a: Zapdos|move: Roost\n|\n|-fieldend|move: Electric Terrain\n|upkeep\n|turn|27\n|\n|t:|1764365446\n|move|p1a: Tapu Koko|Volt Switch|p2a: Zapdos\n|-damage|p2a: Zapdos|26/100\n|\n|t:|1764365449\n|switch|p1a: Ogerpon|Ogerpon-Wellspring, F|100/100|[from] Volt Switch\n|-damage|p1a: Ogerpon|88/100|[from] Stealth Rock\n|move|p2a: Zapdos|Roost|p2a: Zapdos\n|-heal|p2a: Zapdos|76/100\n|-singleturn|p2a: Zapdos|move: Roost\n|\n|upkeep\n|turn|28\n|\n|t:|1764365454\n|move|p1a: Ogerpon|Ivy Cudgel|p2a: Zapdos|[anim] Ivy Cudgel Water\n|-damage|p2a: Zapdos|15/100\n|move|p2a: Zapdos|Roost|p2a: Zapdos\n|-heal|p2a: Zapdos|66/100\n|-singleturn|p2a: Zapdos|move: Roost\n|\n|upkeep\n|turn|29\n|\n|t:|1764365465\n|move|p1a: Ogerpon|Ivy Cudgel|p2a: Zapdos|[anim] Ivy Cudgel Water\n|-damage|p2a: Zapdos|3/100\n|move|p2a: Zapdos|Roost|p2a: Zapdos\n|-heal|p2a: Zapdos|54/100\n|-singleturn|p2a: Zapdos|move: Roost\n|\n|upkeep\n|turn|30\n|c|☆The_Shawdoin|gg\n|\n|t:|1764365472\n|move|p1a: Ogerpon|Ivy Cudgel|p2a: Zapdos|[anim] Ivy Cudgel Water\n|-damage|p2a: Zapdos|0 fnt\n|faint|p2a: Zapdos\n|\n|win|Ark 64\n|c|☆Ark 64|Gg\n","players":["Ark 64","The_Shawdoin"],"format":"[Gen 9] NatDex Draft","rating":null,"private":0,"password":null,"inputlog":">version 43afd8f803b2c64038203aa77ebf98ad8cbd6043\n>start {\"formatid\":\"gen9natdexdraft@@@Tera Type Preview\",\"seed\":\"sodium,755fd66275597fd5713b1feb8ddef835\"}\n>player p1 {\"name\":\"Ark 64\",\"avatar\":\"170\",\"team\":\"Tapu Koko||HeavyDutyBoots|ElectricSurge|GrassKnot,DazzlingGleam,Thunderbolt,VoltSwitch|Timid|,,,252,4,252|N|,0,,,,|||,,,,,Stellar]Iron Bundle||ChoiceSpecs|QuarkDrive|IceBeam,FreezeDry,HydroPump,FlipTurn|Timid|,,,252,4,252|N||||,,,,,Ice]Runerigus||Runerigusite|WanderingSpirit|StealthRock,WillOWisp,Earthquake,BodyPress|Careful|248,8,,,252,|F||||,,,,,Ground]Iron Gear||LifeOrb|QuarkDrive|ThunderWave,NaturesMadness,Moonblast,Psychic|Timid|,,,228,28,252|F|,0,,,,|||,,,,,Psychic]Ogerpon|OgerponWellspring|WellspringMask|WaterAbsorb|IvyCudgel,SwordsDance,StompingTantrum,HornLeech|Jolly|,252,,,4,252|F||||,Poison,,,,Water]Iron Jugulis||ChoiceScarf|QuarkDrive|Hurricane,DarkPulse,EarthPower,Flamethrower|Timid|,,,252,24,232|N|,0,,,,|||,,,,,Dark\",\"rating\":0}\n>player p2 {\"name\":\"The_Shawdoin\",\"avatar\":\"caitlin\",\"team\":\"Wild Wind||Leftovers|Protosynthesis|Wish,DireClaw,LeechSeed,CottonGuard|Careful|252,,4,,252,|M||||,,,,,Dark]Drifblim-Hell||DrifblimiteHell|WaterAbsorb|StrengthSap,ShadowBall,SludgeBomb,CalmMind|Calm|,,4,252,252,|M|,0,,,,|||,,,,,Water]Iron Saw||BoosterEnergy|QuarkDrive|SwordsDance,WildCharge,NightSlash,DrillRun|Jolly|16,252,,,,240|F||||,,,,,Electric]Gouging Fire||BoosterEnergy|Protosynthesis|DragonDance,Crunch,FlareBlitz,Earthquake|Jolly|88,168,,,,252|N||||,Fighting,,,,Fire]Terapagos||Leftovers|TeraShift|StealthRock,RapidSpin,Roar,Toxic|Calm|252,,4,,252,|M||||,Dark,,,,Stellar]Zapdos||HeavyDutyBoots|Static|Roost,Hurricane,HeatWave,VoltSwitch|Modest|192,,,252,,64|N|,0,,,,|||,,,,,Electric\",\"rating\":0}\n>chat ☆The_Shawdoin|I do not remember my prep at all f it we ball\n>chat ☆The_Shawdoin|gl hf\n>chat ☆Ark 64|U2\n>p1 team 3, 2, 1, 4, 5, 6\n>p2 team 1, 2, 3, 4, 5, 6\n>p1 switch 3\n>p2 move cottonguard\n>p1 move dazzlinggleam\n>p2 move direclaw\n>chat ☆Ark 64|Why does this have dire claw…\n>chat ☆The_Shawdoin|you didnt know?\n>chat ~SparksTheNeo|gukp\n>chat ☆The_Shawdoin|whole reason I drafted it\n>chat ☆Ark 64|Sparks I blame you for this\n>chat ☆The_Shawdoin|its 14\n>chat ☆The_Shawdoin|tera 16\n>chat ☆The_Shawdoin|:3\n>p1 switch 3\n>p2 move leechseed\n>p1 move willowisp mega\n>p2 move wish\n>p1 move stealthrock\n>p2 move cottonguard\n>p1 switch 6\n>p2 move direclaw\n>p1 move hurricane\n>p2 move direclaw\n>p1 move hurricane\n>p2 switch 3\n>p1 switch 6\n>p2 move swordsdance\n>p1 move willowisp\n>p2 move nightslash\n>p1 move earthquake\n>p2 move swordsdance\n>p2 switch 2\n>p1 switch 4\n>p2 move calmmind mega\n>p1 move psychic\n>p2 move calmmind\n>p1 move psychic\n>p2 move strengthsap\n>p2 switch 5\n>p1 move naturesmadness\n>p2 move rapidspin\n>p1 move psychic\n>p2 move stealthrock\n>p1 move psychic\n>p2 move rapidspin\n>p2 switch 4\n>p1 move thunderwave\n>p2 move dragondance\n>p1 move naturesmadness\n>p2 move dragondance\n>p1 move psychic\n>p2 move crunch\n>p1 switch 6\n>p1 move darkpulse\n>p2 move flareblitz\n>p1 switch 2\n>p2 switch 6\n>p1 move flipturn\n>p2 move voltswitch\n>p1 switch 3\n>p2 switch 3\n>p1 move thunderbolt terastallize\n>p2 move wish\n>p1 move thunderbolt\n>p2 move direclaw\n>p2 switch 3\n>p1 move thunderbolt\n>p2 move roost\n>p1 move thunderbolt\n>p2 move roost\n>p1 move voltswitch\n>p2 move roost\n>p1 switch 5\n>p1 move ivycudgel\n>p2 move roost\n>p1 move ivycudgel\n>p2 move roost\n>chat ☆The_Shawdoin|gg\n>p1 move ivycudgel\n>p2 move hurricane","uploadtime":1764365476}