{"id":"gen9natdexdraft-54","log":"|j|☆Ark 64\n|j|☆lols/bolt strika\n|t:|1765071230\n|gametype|singles\n|player|p1|Ark 64|265|\n|player|p2|lols/bolt strika|caitlin|\n|gen|9\n|tier|[Gen 9] NatDex Draft\n|rule|Tera Type Preview: Tera Types are shown at Team Preview\n|rule|Sleep Clause Mod: Limit one foe put to sleep\n|rule|OHKO Clause: OHKO moves are banned\n|rule|Evasion Clause: Evasion abilities, items, and moves are banned\n|rule|Evasion Abilities Clause: Evasion abilities are banned\n|rule|Evasion Items Clause: Evasion items are banned\n|rule|Evasion Moves Clause: Evasion moves are banned\n|rule|Endless Battle Clause: Forcing endless battles is banned\n|rule|HP Percentage Mod: HP is shown in percentages\n|raw|<div class=\"infobox\"><details class=\"readmore\" open><summary><strong>1 custom rule:</strong></summary> Tera Type Preview</details></div>\n|clearpoke\n|poke|p1|Tapu Koko|\n|poke|p1|Iron Bundle|\n|poke|p1|Iron Treads|\n|poke|p1|Centiskorch, M|\n|poke|p1|Runerigus, M|\n|poke|p1|Iron Jugulis|\n|poke|p2|Elecprobe|\n|poke|p2|Gholdengo-Sea, M|\n|poke|p2|Ting-Lu|\n|poke|p2|Altaria-Hell, F|\n|poke|p2|Jirachi|\n|poke|p2|Mienshao, F|\n|raw|Ark 64's Tera Types:<br /><psicon pokemon=\"tapukoko\" /><psicon type=\"Grass\" /> / <psicon pokemon=\"ironbundle\" /><psicon type=\"Ice\" /> / <psicon pokemon=\"irontreads\" /><psicon type=\"Grass\" /> / <psicon pokemon=\"centiskorch\" /><psicon type=\"Fire\" /> / <psicon pokemon=\"runerigus\" /><psicon type=\"Ground\" /> / <psicon pokemon=\"ironjugulis\" /><psicon type=\"Dark\" />\n|raw|lols/bolt strika's Tera Types:<br /><psicon pokemon=\"elecprobe\" /><psicon type=\"Fairy\" /> / <psicon pokemon=\"gholdengosea\" /><psicon type=\"Ghost\" /> / <psicon pokemon=\"tinglu\" /><psicon type=\"Dark\" /> / <psicon pokemon=\"altariahell\" /><psicon type=\"Fire\" /> / <psicon pokemon=\"jirachi\" /><psicon type=\"Steel\" /> / <psicon pokemon=\"mienshao\" /><psicon type=\"Fighting\" />\n|teampreview\n|c|☆lols/bolt strika|glhf\n|\n|t:|1765071253\n|teamsize|p1|6\n|teamsize|p2|6\n|start\n|switch|p1a: Tapu Koko|Tapu Koko|100/100\n|switch|p2a: Demeter|Elecprobe, shiny|100/100\n|-fieldstart|move: Electric Terrain|[from] ability: Electric Surge|[of] p1a: Tapu Koko\n|turn|1\n|c|☆Ark 64|U2\n|\n|t:|1765071262\n|move|p1a: Tapu Koko|U-turn|p2a: Demeter\n|-supereffective|p2a: Demeter\n|-damage|p2a: Demeter|56/100\n|\n|t:|1765071266\n|switch|p1a: Iron Treads|Iron Treads|100/100|[from] U-turn\n|-activate|p1a: Iron Treads|ability: Quark Drive\n|-start|p1a: Iron Treads|quarkdrivespe\n|move|p2a: Demeter|Volt Switch|p1a: Iron Treads\n|-immune|p1a: Iron Treads\n|\n|upkeep\n|turn|2\n|\n|t:|1765071275\n|switch|p2a: Gaia|Ting-Lu|100/100\n|-ability|p2a: Gaia|Vessel of Ruin\n|move|p1a: Iron Treads|Earthquake|p2a: Gaia\n|-damage|p2a: Gaia|81/100\n|\n|-heal|p2a: Gaia|87/100|[from] item: Leftovers\n|upkeep\n|turn|3\n|\n|t:|1765071279\n|move|p1a: Iron Treads|Knock Off|p2a: Gaia\n|-resisted|p2a: Gaia\n|-damage|p2a: Gaia|82/100\n|-enditem|p2a: Gaia|Leftovers|[from] move: Knock Off|[of] p1a: Iron Treads\n|move|p2a: Gaia|Stealth Rock|p1a: Iron Treads\n|-sidestart|p1: Ark 64|move: Stealth Rock\n|\n|upkeep\n|turn|4\n|\n|t:|1765071281\n|move|p1a: Iron Treads|Rapid Spin|p2a: Gaia\n|-damage|p2a: Gaia|76/100\n|-boost|p1a: Iron Treads|spe|1\n|-sideend|p1: Ark 64|Stealth Rock|[from] move: Rapid Spin|[of] p1a: Iron Treads\n|move|p2a: Gaia|Spikes|p1a: Iron Treads\n|-sidestart|p1: Ark 64|Spikes\n|\n|upkeep\n|turn|5\n|\n|t:|1765071283\n|move|p1a: Iron Treads|Rapid Spin|p2a: Gaia\n|-damage|p2a: Gaia|70/100\n|-boost|p1a: Iron Treads|spe|1\n|-sideend|p1: Ark 64|Spikes|[from] move: Rapid Spin|[of] p1a: Iron Treads\n|move|p2a: Gaia|Stealth Rock|p1a: Iron Treads\n|-sidestart|p1: Ark 64|move: Stealth Rock\n|\n|-fieldend|move: Electric Terrain\n|-end|p1a: Iron Treads|Quark Drive\n|upkeep\n|turn|6\n|\n|t:|1765071285\n|move|p1a: Iron Treads|Rapid Spin|p2a: Gaia\n|-damage|p2a: Gaia|64/100\n|-boost|p1a: Iron Treads|spe|1\n|-sideend|p1: Ark 64|Stealth Rock|[from] move: Rapid Spin|[of] p1a: Iron Treads\n|move|p2a: Gaia|Earthquake|p1a: Iron Treads\n|-supereffective|p1a: Iron Treads\n|-crit|p1a: Iron Treads\n|-damage|p1a: Iron Treads|9/100\n|\n|upkeep\n|turn|7\n|\n|t:|1765071292\n|-end|p1a: Iron Treads|Quark Drive|[silent]\n|switch|p1a: Iron Bundle|Iron Bundle|100/100\n|move|p2a: Gaia|Spikes|p1a: Iron Bundle\n|-sidestart|p1: Ark 64|Spikes\n|\n|upkeep\n|turn|8\n|\n|t:|1765071299\n|switch|p2a: Hephaestus|Jirachi, shiny|100/100\n|move|p1a: Iron Bundle|Ice Beam|p2a: Hephaestus\n|-resisted|p2a: Hephaestus\n|-damage|p2a: Hephaestus|78/100\n|\n|upkeep\n|turn|9\n|\n|t:|1765071308\n|-end|p1a: Iron Bundle|Quark Drive|[silent]\n|switch|p1a: Runerigus|Runerigus, M|100/100\n|-damage|p1a: Runerigus|88/100|[from] Spikes\n|move|p2a: Hephaestus|Wish|p2a: Hephaestus\n|\n|upkeep\n|turn|10\n|\n|t:|1765071315\n|switch|p2a: Gaia|Ting-Lu|64/100\n|-ability|p2a: Gaia|Vessel of Ruin\n|detailschange|p1a: Runerigus|Runerigus-Mega, M\n|-mega|p1a: Runerigus|Runerigus|Runerigusite\n|-ability|p1a: Runerigus|Tablets of Ruin\n|move|p1a: Runerigus|Stealth Rock|p2a: Gaia\n|-sidestart|p2: lols/bolt strika|move: Stealth Rock\n|\n|-heal|p2a: Gaia|100/100|[from] move: Wish|[wisher] Hephaestus\n|upkeep\n|turn|11\n|\n|t:|1765071320\n|move|p2a: Gaia|Stealth Rock|p1a: Runerigus\n|-sidestart|p1: Ark 64|move: Stealth Rock\n|move|p1a: Runerigus|Will-O-Wisp|p2a: Gaia\n|-status|p2a: Gaia|brn\n|\n|-damage|p2a: Gaia|94/100 brn|[from] brn\n|upkeep\n|turn|12\n|\n|t:|1765071323\n|move|p2a: Gaia|Spikes|p1a: Runerigus\n|-sidestart|p1: Ark 64|Spikes\n|move|p1a: Runerigus|Body Press|p2a: Gaia\n|-supereffective|p2a: Gaia\n|-damage|p2a: Gaia|62/100 brn\n|\n|-damage|p2a: Gaia|56/100 brn|[from] brn\n|upkeep\n|turn|13\n|\n|t:|1765071325\n|move|p2a: Gaia|Spikes|p1a: Runerigus\n|-sidestart|p1: Ark 64|Spikes\n|move|p1a: Runerigus|Body Press|p2a: Gaia\n|-supereffective|p2a: Gaia\n|-damage|p2a: Gaia|27/100 brn\n|\n|-damage|p2a: Gaia|21/100 brn|[from] brn\n|upkeep\n|turn|14\n|\n|t:|1765071327\n|move|p1a: Runerigus|Body Press|p2a: Gaia\n|-supereffective|p2a: Gaia\n|-damage|p2a: Gaia|0 fnt\n|faint|p2a: Gaia\n|\n|upkeep\n|\n|t:|1765071332\n|switch|p2a: Demeter|Elecprobe, shiny|56/100\n|-damage|p2a: Demeter|43/100|[from] Stealth Rock\n|turn|15\n|\n|t:|1765071339\n|switch|p1a: Centiskorch|Centiskorch, M|100/100\n|move|p2a: Demeter|Giga Drain|p1a: Centiskorch\n|-resisted|p1a: Centiskorch\n|-damage|p1a: Centiskorch|88/100\n|-heal|p2a: Demeter|53/100|[from] drain|[of] p1a: Centiskorch\n|\n|upkeep\n|turn|16\n|\n|t:|1765071349\n|switch|p2a: Aphrodite|Altaria-Hell, F, shiny|100/100\n|-damage|p2a: Aphrodite|51/100|[from] Stealth Rock\n|move|p1a: Centiskorch|Fire Lash|p2a: Aphrodite\n|-resisted|p2a: Aphrodite\n|-damage|p2a: Aphrodite|31/100\n|-unboost|p2a: Aphrodite|def|1\n|\n|upkeep\n|turn|17\n|\n|t:|1765071360\n|detailschange|p2a: Aphrodite|Altaria-Hell-Mega, F, shiny\n|-mega|p2a: Aphrodite|Altaria-Hell|Altarite HELL\n|move|p2a: Aphrodite|Roost|p2a: Aphrodite\n|-heal|p2a: Aphrodite|81/100\n|-singleturn|p2a: Aphrodite|move: Roost\n|move|p1a: Centiskorch|Fire Lash|p2a: Aphrodite\n|-resisted|p2a: Aphrodite\n|-damage|p2a: Aphrodite|51/100\n|-unboost|p2a: Aphrodite|def|1\n|\n|upkeep\n|turn|18\n|\n|t:|1765071364\n|switch|p2a: Oceanus|Gholdengo-Sea, M, shiny|100/100\n|-damage|p2a: Oceanus|88/100|[from] Stealth Rock\n|move|p1a: Centiskorch|Fire Lash|p2a: Oceanus\n|-resisted|p2a: Oceanus\n|-damage|p2a: Oceanus|73/100\n|-unboost|p2a: Oceanus|def|1\n|\n|-heal|p2a: Oceanus|79/100|[from] item: Leftovers\n|upkeep\n|turn|19\n|\n|t:|1765071371\n|switch|p1a: Tapu Koko|Tapu Koko|100/100\n|-damage|p1a: Tapu Koko|76/100|[from] Spikes\n|-damage|p1a: Tapu Koko|63/100|[from] Stealth Rock\n|-fieldstart|move: Electric Terrain|[from] ability: Electric Surge|[of] p1a: Tapu Koko\n|move|p2a: Oceanus|Surf|p1a: Tapu Koko\n|-damage|p1a: Tapu Koko|1/100\n|\n|-heal|p2a: Oceanus|85/100|[from] item: Leftovers\n|upkeep\n|turn|20\n|\n|t:|1765071381\n|switch|p2a: Demeter|Elecprobe, shiny|53/100\n|-damage|p2a: Demeter|41/100|[from] Stealth Rock\n|move|p1a: Tapu Koko|Thunderbolt|p2a: Demeter\n|-resisted|p2a: Demeter\n|-damage|p2a: Demeter|13/100\n|\n|upkeep\n|turn|21\n|\n|t:|1765071385\n|move|p1a: Tapu Koko|Thunderbolt|p2a: Demeter\n|-resisted|p2a: Demeter\n|-damage|p2a: Demeter|0 fnt\n|faint|p2a: Demeter\n|\n|upkeep\n|\n|t:|1765071389\n|switch|p2a: Hephaestus|Jirachi, shiny|78/100\n|-damage|p2a: Hephaestus|72/100|[from] Stealth Rock\n|turn|22\n|\n|t:|1765071391\n|move|p1a: Tapu Koko|Thunderbolt|p2a: Hephaestus\n|-damage|p2a: Hephaestus|8/100\n|move|p2a: Hephaestus|Wish|p2a: Hephaestus\n|\n|upkeep\n|turn|23\n|\n|t:|1765071394\n|move|p2a: Hephaestus|Protect|p2a: Hephaestus\n|-singleturn|p2a: Hephaestus|Protect\n|move|p1a: Tapu Koko|Thunderbolt|p2a: Hephaestus\n|-activate|p2a: Hephaestus|move: Protect\n|\n|-heal|p2a: Hephaestus|58/100|[from] move: Wish|[wisher] Hephaestus\n|-fieldend|move: Electric Terrain\n|upkeep\n|turn|24\n|\n|t:|1765071396\n|move|p1a: Tapu Koko|Thunderbolt|p2a: Hephaestus\n|-damage|p2a: Hephaestus|10/100\n|move|p2a: Hephaestus|Thunder Wave|p1a: Tapu Koko\n|-immune|p1a: Tapu Koko\n|\n|upkeep\n|turn|25\n|j|~SparksTheNeo\n|\n|t:|1765071401\n|move|p2a: Hephaestus|Protect|p2a: Hephaestus\n|-singleturn|p2a: Hephaestus|Protect\n|move|p1a: Tapu Koko|Thunderbolt|p2a: Hephaestus\n|-activate|p2a: Hephaestus|move: Protect\n|\n|upkeep\n|turn|26\n|c|☆lols/bolt strika|wow\n|c|☆lols/bolt strika|misclick 100% lost me the game\n|c|☆lols/bolt strika|unfort\n|\n|t:|1765071425\n|move|p1a: Tapu Koko|Thunderbolt|p2a: Hephaestus\n|-damage|p2a: Hephaestus|0 fnt\n|faint|p2a: Hephaestus\n|\n|upkeep\n|\n|t:|1765071428\n|switch|p2a: Athena|Mienshao, F, shiny|100/100\n|-damage|p2a: Athena|94/100|[from] Stealth Rock\n|turn|27\n|\n|t:|1765071431\n|move|p1a: Tapu Koko|Thunderbolt|p2a: Athena\n|-damage|p2a: Athena|18/100\n|move|p2a: Athena|U-turn|p1a: Tapu Koko\n|-resisted|p1a: Tapu Koko\n|-damage|p1a: Tapu Koko|0 fnt\n|faint|p1a: Tapu Koko\n|\n|t:|1765071436\n|switch|p2a: Oceanus|Gholdengo-Sea, M, shiny|85/100|[from] U-turn\n|-damage|p2a: Oceanus|72/100|[from] Stealth Rock\n|\n|-heal|p2a: Oceanus|79/100|[from] item: Leftovers\n|upkeep\n|\n|t:|1765071451\n|switch|p1a: Iron Jugulis|Iron Jugulis|100/100\n|-damage|p1a: Iron Jugulis|76/100|[from] Stealth Rock\n|turn|28\n|\n|t:|1765071455\n|switch|p2a: Athena|Mienshao, F, shiny|51/100\n|-damage|p2a: Athena|45/100|[from] Stealth Rock\n|move|p1a: Iron Jugulis|Dark Pulse|p2a: Athena\n|-resisted|p2a: Athena\n|-damage|p2a: Athena|7/100\n|\n|upkeep\n|turn|29\n|\n|t:|1765071458\n|move|p1a: Iron Jugulis|Dark Pulse|p2a: Athena\n|-resisted|p2a: Athena\n|-damage|p2a: Athena|0 fnt\n|faint|p2a: Athena\n|\n|upkeep\n|\n|t:|1765071459\n|switch|p2a: Aphrodite|Altaria-Hell-Mega, F, shiny|51/100\n|turn|30\n|\n|t:|1765071464\n|-end|p1a: Iron Jugulis|Quark Drive|[silent]\n|switch|p1a: Runerigus|Runerigus-Mega, M|88/100\n|-damage|p1a: Runerigus|64/100|[from] Spikes\n|-damage|p1a: Runerigus|58/100|[from] Stealth Rock\n|-ability|p1a: Runerigus|Tablets of Ruin\n|move|p2a: Aphrodite|Roost|p2a: Aphrodite\n|-heal|p2a: Aphrodite|100/100\n|-singleturn|p2a: Aphrodite|move: Roost\n|\n|upkeep\n|turn|31\n|\n|t:|1765071470\n|move|p2a: Aphrodite|Dragon Dance|p2a: Aphrodite\n|-boost|p2a: Aphrodite|atk|1\n|-boost|p2a: Aphrodite|spe|1\n|move|p1a: Runerigus|Poltergeist|p2a: Aphrodite\n|-activate|p2a: Aphrodite|move: Poltergeist|Altarite HELL\n|-damage|p2a: Aphrodite|43/100\n|\n|upkeep\n|turn|32\n|\n|t:|1765071473\n|move|p2a: Aphrodite|Roost|p2a: Aphrodite\n|-heal|p2a: Aphrodite|93/100\n|-singleturn|p2a: Aphrodite|move: Roost\n|move|p1a: Runerigus|Poltergeist|p2a: Aphrodite\n|-activate|p2a: Aphrodite|move: Poltergeist|Altarite HELL\n|-damage|p2a: Aphrodite|29/100\n|\n|upkeep\n|turn|33\n|\n|t:|1765071476\n|move|p2a: Aphrodite|Roost|p2a: Aphrodite\n|-heal|p2a: Aphrodite|79/100\n|-singleturn|p2a: Aphrodite|move: Roost\n|move|p1a: Runerigus|Poltergeist|p2a: Aphrodite\n|-activate|p2a: Aphrodite|move: Poltergeist|Altarite HELL\n|-damage|p2a: Aphrodite|24/100\n|\n|upkeep\n|turn|34\n|\n|t:|1765071479\n|move|p2a: Aphrodite|Roost|p2a: Aphrodite\n|-heal|p2a: Aphrodite|74/100\n|-singleturn|p2a: Aphrodite|move: Roost\n|move|p1a: Runerigus|Poltergeist|p2a: Aphrodite\n|-activate|p2a: Aphrodite|move: Poltergeist|Altarite HELL\n|-damage|p2a: Aphrodite|11/100\n|\n|upkeep\n|turn|35\n|\n|t:|1765071484\n|move|p2a: Aphrodite|Roost|p2a: Aphrodite\n|-heal|p2a: Aphrodite|61/100\n|-singleturn|p2a: Aphrodite|move: Roost\n|move|p1a: Runerigus|Poltergeist|p2a: Aphrodite|[miss]\n|-miss|p1a: Runerigus|p2a: Aphrodite\n|\n|upkeep\n|turn|36\n|\n|t:|1765071487\n|move|p2a: Aphrodite|Dragon Dance|p2a: Aphrodite\n|-boost|p2a: Aphrodite|atk|1\n|-boost|p2a: Aphrodite|spe|1\n|move|p1a: Runerigus|Poltergeist|p2a: Aphrodite\n|-activate|p2a: Aphrodite|move: Poltergeist|Altarite HELL\n|-damage|p2a: Aphrodite|2/100\n|\n|upkeep\n|turn|37\n|\n|t:|1765071491\n|move|p2a: Aphrodite|Roost|p2a: Aphrodite\n|-heal|p2a: Aphrodite|52/100\n|-singleturn|p2a: Aphrodite|move: Roost\n|move|p1a: Runerigus|Body Press|p2a: Aphrodite\n|-resisted|p2a: Aphrodite\n|-damage|p2a: Aphrodite|34/100\n|\n|upkeep\n|turn|38\n|\n|t:|1765071498\n|move|p2a: Aphrodite|Roost|p2a: Aphrodite\n|-heal|p2a: Aphrodite|85/100\n|-singleturn|p2a: Aphrodite|move: Roost\n|move|p1a: Runerigus|Poltergeist|p2a: Aphrodite\n|-activate|p2a: Aphrodite|move: Poltergeist|Altarite HELL\n|-damage|p2a: Aphrodite|26/100\n|\n|upkeep\n|turn|39\n|\n|t:|1765071504\n|move|p2a: Aphrodite|Flare Blitz|p1a: Runerigus\n|-damage|p1a: Runerigus|11/100\n|move|p1a: Runerigus|Body Press|p2a: Aphrodite\n|-resisted|p2a: Aphrodite\n|-damage|p2a: Aphrodite|7/100\n|\n|upkeep\n|turn|40\n|\n|t:|1765071509\n|move|p2a: Aphrodite|Flare Blitz|p1a: Runerigus\n|-damage|p1a: Runerigus|0 fnt\n|faint|p1a: Runerigus\n|detailschange|p1: Runerigus|Runerigus, M|[silent]\n|\n|upkeep\n|\n|t:|1765071516\n|switch|p1a: Centiskorch|Centiskorch, M|88/100\n|turn|41\n|\n|t:|1765071520\n|move|p2a: Aphrodite|Play Rough|p1a: Centiskorch\n|-resisted|p1a: Centiskorch\n|-damage|p1a: Centiskorch|58/100\n|move|p1a: Centiskorch|Fire Lash|p2a: Aphrodite\n|-resisted|p2a: Aphrodite\n|-damage|p2a: Aphrodite|0 fnt\n|faint|p2a: Aphrodite\n|detailschange|p2: Aphrodite|Altaria-Hell, F, shiny|[silent]\n|\n|upkeep\n|\n|t:|1765071522\n|switch|p2a: Oceanus|Gholdengo-Sea, M, shiny|79/100\n|-damage|p2a: Oceanus|66/100|[from] Stealth Rock\n|turn|42\n|\n|t:|1765071525\n|move|p2a: Oceanus|Surf|p1a: Centiskorch\n|-supereffective|p1a: Centiskorch\n|-damage|p1a: Centiskorch|0 fnt\n|faint|p1a: Centiskorch\n|\n|-heal|p2a: Oceanus|72/100|[from] item: Leftovers\n|upkeep\n|\n|t:|1765071530\n|switch|p1a: Iron Bundle|Iron Bundle|100/100\n|-damage|p1a: Iron Bundle|76/100|[from] Spikes\n|-damage|p1a: Iron Bundle|51/100|[from] Stealth Rock\n|turn|43\n|\n|t:|1765071533\n|move|p1a: Iron Bundle|Freeze-Dry|p2a: Oceanus\n|-supereffective|p2a: Oceanus\n|-damage|p2a: Oceanus|0 fnt\n|faint|p2a: Oceanus\n|\n|win|Ark 64\n|c|☆lols/bolt strika|ggs\n|c|☆Ark 64|Gg\n","players":["Ark 64","lols/bolt strika"],"format":"[Gen 9] NatDex Draft","rating":null,"private":0,"password":null,"inputlog":">version 410298541a4f39e57734b9bac268a67abbacfb75\n>start {\"formatid\":\"gen9natdexdraft@@@Tera Type Preview\",\"seed\":\"sodium,4cd6e98f06bead346299f1824a48710b\"}\n>player p1 {\"name\":\"Ark 64\",\"avatar\":\"265\",\"team\":\"Tapu Koko||ChoiceSpecs|ElectricSurge|Uturn,Thunderbolt,DazzlingGleam,GrassKnot|Timid|,,,252,4,252|N||||,,,,,Grass]Iron Bundle||ChoiceScarf|QuarkDrive|FreezeDry,IceBeam,HydroPump,FlipTurn|Modest|128,,,252,,128|N||||,,,,,Ice]Iron Treads||HeavyDutyBoots|QuarkDrive|KnockOff,RapidSpin,IronHead,Earthquake|Jolly|216,32,,,180,80|N||||,,,,,Grass]Centiskorch||HeavyDutyBoots|FlashFire|FireLash,LeechLife,WillOWisp,KnockOff|Impish|252,4,252,,,|M||||,,,,,Fire]Runerigus||Runerigusite|WanderingSpirit|StealthRock,WillOWisp,BodyPress,Poltergeist|Careful|248,8,,,252,|M||||,,,,,Ground]Iron Jugulis||ChoiceSpecs|QuarkDrive|DarkPulse,Hurricane,Uturn,Flamethrower|Timid|,,,252,4,252|N||||,,,,,Dark\",\"rating\":0}\n>player p2 {\"name\":\"lols/bolt strika\",\"avatar\":\"caitlin\",\"team\":\"Demeter|Elecprobe|ChoiceSpecs|Static|GigaDrain,ElectroDrift,VoltSwitch,TeraBlast|Modest|8,,152,232,12,104|N||S||,,,,,Fairy]Oceanus|GholdengoSea|Leftovers|GoodasGold|Surf,ShadowBall,ThunderWave,Recover|Timid|252,,20,4,8,224|M|,0,,,,|S||,,,,,Ghost]Gaia|TingLu|Leftovers|VesselofRuin|StealthRock,Spikes,Earthquake,Whirlwind|Impish|4,12,248,,112,132|N||||,,,,,Dark]Aphrodite|AltariaHell|AltariteHELL|NaturalCure|DragonDance,PlayRough,FlareBlitz,Roost|Careful|40,36,12,,176,244|F||S||,,,,,Fire]Hephaestus|Jirachi|ShucaBerry|SereneGrace|ThunderWave,IronHead,Wish,Protect|Impish|248,,72,,12,176|N||S||,,,,,Steel]Athena|Mienshao|AssaultVest|Regenerator|KnockOff,CloseCombat,Uturn,TripleAxel|Adamant|8,180,152,,12,156|F||S||,,,,,Fighting\",\"rating\":0}\n>chat ☆lols/bolt strika|glhf\n>p1 team 1, 2, 3, 4, 5, 6\n>p2 team 1, 2, 3, 4, 5, 6\n>chat ☆Ark 64|U2\n>p1 move uturn\n>p2 move voltswitch\n>p1 switch 3\n>p1 move earthquake\n>p2 switch 3\n>p1 move knockoff\n>p2 move stealthrock\n>p1 move rapidspin\n>p2 move spikes\n>p1 move rapidspin\n>p2 move stealthrock\n>p1 move rapidspin\n>p2 move earthquake\n>p1 switch 2\n>p2 move spikes\n>p1 move icebeam\n>p2 switch 5\n>p1 switch 5\n>p2 move wish\n>p1 move stealthrock mega\n>p2 switch 5\n>p1 move willowisp\n>p2 move stealthrock\n>p1 move bodypress\n>p2 move spikes\n>p1 move bodypress\n>p2 move spikes\n>p1 move bodypress\n>p2 move whirlwind\n>p2 switch 3\n>p1 switch 4\n>p2 move gigadrain\n>p1 move firelash\n>p2 switch 4\n>p1 move firelash\n>p2 move roost mega\n>p1 move firelash\n>p2 switch 2\n>p1 switch 3\n>p2 move surf\n>p1 move thunderbolt\n>p2 switch 4\n>p1 move thunderbolt\n>p2 move gigadrain\n>p2 switch 5\n>p1 move thunderbolt\n>p2 move wish\n>p1 move thunderbolt\n>p2 move protect\n>p1 move thunderbolt\n>p2 move thunderwave\n>p1 move thunderbolt\n>p2 move protect\n>chat ☆lols/bolt strika|wow\n>chat ☆lols/bolt strika|misclick 100% lost me the game\n>chat ☆lols/bolt strika|unfort\n>p1 move thunderbolt\n>p2 move ironhead\n>p2 switch 6\n>p1 move thunderbolt\n>p2 move uturn\n>p2 switch 4\n>p1 switch 6\n>p1 move darkpulse\n>p2 switch 4\n>p1 move darkpulse\n>p2 move knockoff\n>p2 switch 2\n>p1 switch 4\n>p2 move roost\n>p1 move poltergeist\n>p2 move dragondance\n>p1 move poltergeist\n>p2 move roost\n>p1 move poltergeist\n>p2 move roost\n>p1 move poltergeist\n>p2 move roost\n>p1 move poltergeist\n>p2 move roost\n>p1 move poltergeist\n>p2 move dragondance\n>p1 move bodypress\n>p2 move roost\n>p1 move poltergeist\n>p2 move roost\n>p1 move bodypress\n>p2 move flareblitz\n>p1 move poltergeist\n>p2 move flareblitz\n>p1 switch 3\n>p1 move firelash\n>p2 move playrough\n>p2 switch 4\n>p1 move knockoff\n>p2 move surf\n>p1 switch 5\n>p1 move freezedry\n>p2 move shadowball","uploadtime":1765071555}