{"id":"gen9natdexdraft-213","log":"|j|☆jecotto03\n|j|☆RavenEyeKSR\n|t:|1766268520\n|gametype|singles\n|player|p1|jecotto03|101|\n|player|p2|RavenEyeKSR|riley|\n|gen|9\n|tier|[Gen 9] NatDex Draft\n|rule|Sleep Clause Mod: Limit one foe put to sleep\n|rule|OHKO Clause: OHKO moves are banned\n|rule|Evasion Clause: Evasion abilities, items, and moves are banned\n|rule|Evasion Abilities Clause: Evasion abilities are banned\n|rule|Evasion Items Clause: Evasion items are banned\n|rule|Evasion Moves Clause: Evasion moves are banned\n|rule|Endless Battle Clause: Forcing endless battles is banned\n|rule|HP Percentage Mod: HP is shown in percentages\n|clearpoke\n|poke|p1|Iron Valiant|\n|poke|p1|Drampa, M|\n|poke|p1|Slowbro, M|\n|poke|p1|Hydreigon, M|\n|poke|p1|Landorus-Therian, M|\n|poke|p1|Pecharunt|\n|poke|p2|Dragonite, M|\n|poke|p2|Great Tusk|\n|poke|p2|Hatterene, F|\n|poke|p2|Hawlucha, F|\n|poke|p2|Iron Crown|\n|poke|p2|Samurott-Hisui, M|\n|teampreview\n|c|☆RavenEyeKSR|hf\n|\n|t:|1766268563\n|teamsize|p1|6\n|teamsize|p2|6\n|start\n|switch|p1a: Corrosive Treat|Pecharunt|100/100\n|switch|p2a: Take-Mikazuchi|Samurott-Hisui, M|100/100\n|turn|1\n|\n|t:|1766268617\n|switch|p1a: 3-Headed-Fraud|Hydreigon, M, shiny|100/100\n|move|p2a: Take-Mikazuchi|Flip Turn|p1a: 3-Headed-Fraud\n|-resisted|p1a: 3-Headed-Fraud\n|-damage|p1a: 3-Headed-Fraud|82/100\n|\n|t:|1766268637\n|switch|p2a: Himiko|Hatterene, F|100/100|[from] Flip Turn\n|\n|upkeep\n|turn|2\n|\n|t:|1766268650\n|move|p1a: 3-Headed-Fraud|U-turn|p2a: Himiko\n|-damage|p2a: Himiko|84/100\n|\n|t:|1766268663\n|switch|p1a: Corrosive Treat|Pecharunt|100/100|[from] U-turn\n|move|p2a: Himiko|Nuzzle|p1a: Corrosive Treat\n|-damage|p1a: Corrosive Treat|98/100\n|-status|p1a: Corrosive Treat|par\n|\n|upkeep\n|turn|3\n|\n|t:|1766268675\n|move|p1a: Corrosive Treat|Nasty Plot|p1a: Corrosive Treat\n|-boost|p1a: Corrosive Treat|spa|2\n|move|p2a: Himiko|Psychic Noise|p1a: Corrosive Treat\n|-supereffective|p1a: Corrosive Treat\n|-enditem|p1a: Corrosive Treat|Payapa Berry|[eat]\n|-enditem|p1a: Corrosive Treat|Payapa Berry|[weaken]\n|-damage|p1a: Corrosive Treat|50/100 par\n|-start|p1a: Corrosive Treat|move: Heal Block\n|\n|upkeep\n|turn|4\n|\n|t:|1766268686\n|switch|p2a: Sukuna-Hikona|Iron Crown|100/100\n|move|p1a: Corrosive Treat|Shadow Ball|p2a: Sukuna-Hikona\n|-supereffective|p2a: Sukuna-Hikona\n|-damage|p2a: Sukuna-Hikona|18/100\n|-unboost|p2a: Sukuna-Hikona|spd|1\n|\n|-end|p1a: Corrosive Treat|move: Heal Block\n|upkeep\n|turn|5\n|\n|t:|1766268797\n|switch|p1a: 3-Headed-Fraud|Hydreigon, M, shiny|82/100\n|move|p2a: Sukuna-Hikona|Tachyon Cutter|p1a: 3-Headed-Fraud\n|-damage|p1a: 3-Headed-Fraud|53/100\n|-damage|p1a: 3-Headed-Fraud|24/100\n|-hitcount|p1a: 3-Headed-Fraud|2\n|\n|upkeep\n|turn|6\n|\n|t:|1766268850\n|move|p1a: 3-Headed-Fraud|Dark Pulse|p2a: Sukuna-Hikona\n|-supereffective|p2a: Sukuna-Hikona\n|-damage|p2a: Sukuna-Hikona|0 fnt\n|faint|p2a: Sukuna-Hikona\n|-end|p2a: Sukuna-Hikona|Quark Drive|[silent]\n|\n|upkeep\n|\n|t:|1766268860\n|switch|p2a: Himiko|Hatterene, F|84/100\n|turn|7\n|\n|t:|1766268957\n|move|p1a: 3-Headed-Fraud|Dark Pulse|p2a: Himiko\n|-damage|p2a: Himiko|56/100\n|move|p2a: Himiko|Draining Kiss|p1a: 3-Headed-Fraud\n|-supereffective|p1a: 3-Headed-Fraud\n|-damage|p1a: 3-Headed-Fraud|0 fnt\n|-heal|p2a: Himiko|74/100|[from] drain|[of] p1a: 3-Headed-Fraud\n|faint|p1a: 3-Headed-Fraud\n|\n|upkeep\n|\n|t:|1766269000\n|switch|p1a: Corrosive Treat|Pecharunt|50/100 par\n|turn|8\n|\n|t:|1766269035\n|move|p1a: Corrosive Treat|Malignant Chain|p2a: Himiko\n|-supereffective|p2a: Himiko\n|-damage|p2a: Himiko|17/100\n|-status|p2a: Himiko|tox\n|-start|p2a: Himiko|confusion|[from] ability: Poison Puppeteer|[of] p1a: Corrosive Treat\n|-activate|p2a: Himiko|confusion\n|move|p2a: Himiko|Psychic Noise|p1a: Corrosive Treat\n|-supereffective|p1a: Corrosive Treat\n|-damage|p1a: Corrosive Treat|0 fnt\n|faint|p1a: Corrosive Treat\n|\n|-damage|p2a: Himiko|11/100 tox|[from] psn\n|upkeep\n|\n|t:|1766269071\n|switch|p1a: Hammerhead|Landorus-Therian, M|100/100\n|-ability|p1a: Hammerhead|Intimidate|boost\n|-unboost|p2a: Himiko|atk|1\n|turn|9\n|\n|t:|1766269076\n|move|p1a: Hammerhead|U-turn|p2a: Himiko\n|-damage|p2a: Himiko|0 fnt\n|faint|p2a: Himiko\n|\n|t:|1766269079\n|switch|p1a: The Next Heir|Slowbro, M|100/100|[from] U-turn\n|\n|upkeep\n|\n|t:|1766269084\n|switch|p2a: Take-Mikazuchi|Samurott-Hisui, M|100/100\n|turn|10\n|\n|t:|1766269089\n|move|p2a: Take-Mikazuchi|Ceaseless Edge|p1a: The Next Heir\n|-supereffective|p1a: The Next Heir\n|-damage|p1a: The Next Heir|39/100\n|-sidestart|p1: jecotto03|Spikes\n|move|p1a: The Next Heir|Trick Room|p1a: The Next Heir\n|-fieldstart|move: Trick Room|[of] p1a: The Next Heir\n|\n|upkeep\n|turn|11\n|\n|t:|1766269102\n|switch|p1a: Jigoro Kuwajima|Drampa, M, shiny|100/100\n|-damage|p1a: Jigoro Kuwajima|88/100|[from] Spikes\n|move|p2a: Take-Mikazuchi|Ceaseless Edge|p1a: Jigoro Kuwajima\n|-damage|p1a: Jigoro Kuwajima|40/100\n|-sidestart|p1: jecotto03|Spikes\n|-ability|p1a: Jigoro Kuwajima|Berserk|boost\n|-boost|p1a: Jigoro Kuwajima|spa|1\n|\n|upkeep\n|turn|12\n|\n|t:|1766269122\n|detailschange|p1a: Jigoro Kuwajima|Drampa-Mega-ZA, M, shiny\n|-mega|p1a: Jigoro Kuwajima|Drampa|DrampaniteZA\n|-weather|RainDance|[from] ability: Drizzle|[of] p1a: Jigoro Kuwajima\n|move|p1a: Jigoro Kuwajima|Thunder|p2a: Take-Mikazuchi\n|-supereffective|p2a: Take-Mikazuchi\n|-damage|p2a: Take-Mikazuchi|0 fnt\n|faint|p2a: Take-Mikazuchi\n|\n|-weather|RainDance|[upkeep]\n|upkeep\n|\n|t:|1766269157\n|switch|p2a: Kintoki-Douji|Dragonite, M|100/100\n|turn|13\n|\n|t:|1766269160\n|move|p1a: Jigoro Kuwajima|Ice Beam|p2a: Kintoki-Douji\n|-supereffective|p2a: Kintoki-Douji\n|-damage|p2a: Kintoki-Douji|0 fnt\n|faint|p2a: Kintoki-Douji\n|\n|-weather|RainDance|[upkeep]\n|upkeep\n|\n|t:|1766269164\n|switch|p2a: Tomoe|Great Tusk|100/100\n|-enditem|p2a: Tomoe|Booster Energy\n|-activate|p2a: Tomoe|ability: Protosynthesis|[fromitem]\n|-start|p2a: Tomoe|protosynthesisspe\n|turn|14\n|\n|t:|1766269174\n|move|p1a: Jigoro Kuwajima|Ice Beam|p2a: Tomoe\n|-supereffective|p2a: Tomoe\n|-damage|p2a: Tomoe|0 fnt\n|faint|p2a: Tomoe\n|-end|p2a: Tomoe|Protosynthesis|[silent]\n|\n|-weather|RainDance|[upkeep]\n|-fieldend|move: Trick Room\n|upkeep\n|\n|t:|1766269176\n|switch|p2a: Jiraiya|Hawlucha, F|100/100\n|turn|15\n|\n|t:|1766269188\n|switch|p1a: Hammerhead|Landorus-Therian, M|100/100\n|-ability|p1a: Hammerhead|Intimidate|boost\n|-unboost|p2a: Jiraiya|atk|1\n|detailschange|p2a: Jiraiya|Hawlucha-Mega-ZA, F\n|-mega|p2a: Jiraiya|Hawlucha|HawluchaniteZA\n|move|p2a: Jiraiya|Drain Punch|p1a: Hammerhead\n|-resisted|p1a: Hammerhead\n|-damage|p1a: Hammerhead|93/100\n|\n|-weather|RainDance|[upkeep]\n|upkeep\n|turn|16\n|\n|t:|1766269198\n|move|p2a: Jiraiya|Swords Dance|p2a: Jiraiya\n|-boost|p2a: Jiraiya|atk|2\n|move|p1a: Hammerhead|U-turn|p2a: Jiraiya\n|-resisted|p2a: Jiraiya\n|-damage|p2a: Jiraiya|95/100\n|\n|t:|1766269225\n|switch|p1a: The Next Heir|Slowbro, M|72/100|[from] U-turn\n|\n|-weather|none\n|upkeep\n|turn|17\n|\n|t:|1766269238\n|move|p2a: Jiraiya|Swords Dance|p2a: Jiraiya\n|-boost|p2a: Jiraiya|atk|2\n|move|p1a: The Next Heir|Trick Room|p1a: The Next Heir\n|-fieldstart|move: Trick Room|[of] p1a: The Next Heir\n|\n|upkeep\n|turn|18\n|\n|t:|1766269245\n|move|p1a: The Next Heir|Ice Beam|p2a: Jiraiya\n|-supereffective|p2a: Jiraiya\n|-damage|p2a: Jiraiya|49/100\n|move|p2a: Jiraiya|Roost|p2a: Jiraiya\n|-heal|p2a: Jiraiya|99/100\n|-singleturn|p2a: Jiraiya|move: Roost\n|\n|upkeep\n|turn|19\n|\n|t:|1766269257\n|move|p1a: The Next Heir|Scald|p2a: Jiraiya\n|-damage|p2a: Jiraiya|73/100\n|move|p2a: Jiraiya|Brave Bird|p1a: The Next Heir\n|-damage|p1a: The Next Heir|0 fnt\n|faint|p1a: The Next Heir\n|-ability|p2a: Jiraiya|Moxie|boost\n|-boost|p2a: Jiraiya|atk|1\n|-damage|p2a: Jiraiya|47/100|[from] Recoil\n|\n|upkeep\n|\n|t:|1766269261\n|switch|p1a: Jigoro Kuwajima|Drampa-Mega-ZA, M, shiny|40/100\n|-damage|p1a: Jigoro Kuwajima|23/100|[from] Spikes\n|-weather|RainDance|[from] ability: Drizzle|[of] p1a: Jigoro Kuwajima\n|turn|20\n|\n|t:|1766269266\n|move|p1a: Jigoro Kuwajima|Thunder|p2a: Jiraiya\n|-supereffective|p2a: Jiraiya\n|-damage|p2a: Jiraiya|0 fnt\n|faint|p2a: Jiraiya\n|detailschange|p2: Jiraiya|Hawlucha, F|[silent]\n|\n|win|jecotto03\n|c|☆RavenEyeKSR|gg\n|c|☆jecotto03|gg\n","players":["jecotto03","RavenEyeKSR"],"format":"[Gen 9] NatDex Draft","rating":null,"private":0,"password":null,"inputlog":">version 0d0a8c252a1f8ab806681f673fdafaf34a87df55\n>start {\"formatid\":\"gen9natdexdraft\",\"seed\":\"sodium,33b49b3e67c85d2c0388707afeab3dc8\"}\n>player p1 {\"name\":\"jecotto03\",\"avatar\":\"101\",\"team\":\"Fuchsia's Gift|IronValiant|BoosterEnergy|QuarkDrive|SwordsDance,SpiritBreak,ThroatChop,PoisonJab|Jolly|,252,,,16,240|N||||,,,,,Fairy]Jigoro Kuwajima|Drampa|DrampaniteZA|Berserk|IceBeam,Surf,Thunder,Roost|Quiet|248,,8,252,,|M|,0,,,,0|S||,,,,,Normal]The Next Heir|Slowbro|HeavyDutyBoots|Regenerator|Scald,IceBeam,SlackOff,TrickRoom|Bold|252,,252,4,,|M|,0,,,,|||,,,,,Water]3-Headed-Fraud|Hydreigon|ChoiceScarf|Levitate|DracoMeteor,Uturn,DarkPulse,Defog|Timid|,,,252,4,252|M||S||,,,,,Dark]Hammerhead|LandorusTherian|YacheBerry|Intimidate|KnockOff,StealthRock,Uturn,Earthquake|Impish|248,,252,,4,|M||||,,,,,Ground]Corrosive Treat|Pecharunt|PayapaBerry|PoisonPuppeteer|NastyPlot,Recover,ShadowBall,MalignantChain|Timid|8,,,252,,248|N|,0,,,,|||,,,,,Poison\",\"rating\":0}\n>player p2 {\"name\":\"RavenEyeKSR\",\"avatar\":\"riley\",\"team\":\"Kintoki-Douji|Dragonite|LumBerry|Multiscale|DualWingbeat,Earthquake,DragonDance,Roost|Adamant|248,68,,,,192|M||||,,,,,Dragon]Tomoe|GreatTusk|BoosterEnergy|Protosynthesis|HeadlongRush,IceSpinner,KnockOff,BulkUp|Jolly|,4,,,252,252|N||||,Fighting,,,,Ground]Himiko|Hatterene|AssaultVest|MagicBounce|DrainingKiss,PsychicNoise,MysticalFire,Nuzzle|Modest|248,,,200,,60|F||||,,,,,Psychic]Jiraiya|Hawlucha|HawluchaniteZA|Limber|BraveBird,DrainPunch,SwordsDance,Roost|Jolly|248,20,,,,240|F||||,,,,,Fighting]Sukuna-Hikona|IronCrown|AssaultVest|QuarkDrive|TachyonCutter,FutureSight,FocusBlast,VoltSwitch|Timid|56,,,252,,200|N|,20,,,,|||,Fighting,,,,Steel]Take-Mikazuchi|SamurottHisui|ChoiceScarf|Sharpness|CeaselessEdge,AquaCutter,SacredSword,FlipTurn|Adamant|80,252,,,,176|M||||,,,,,Water\",\"rating\":0}\n>chat ☆RavenEyeKSR|hf\n>p1 team 6, 2, 3, 4, 5, 1\n>p2 team 6, 2, 3, 4, 5, 1\n>p1 switch 4\n>p2 move flipturn\n>p2 switch 3\n>p1 move uturn\n>p2 move nuzzle\n>p1 switch 4\n>p1 move nastyplot\n>p2 move psychicnoise\n>p1 move shadowball\n>p2 switch 5\n>p1 switch 4\n>p2 move tachyoncutter\n>p1 move darkpulse\n>p2 move tachyoncutter\n>p2 switch 5\n>p1 move darkpulse\n>p2 move drainingkiss\n>p1 switch 4\n>p1 move malignantchain\n>p2 move psychicnoise\n>p1 switch 5\n>p1 move uturn\n>p2 move psychicnoise\n>p1 switch 3\n>p2 switch 3\n>p1 move trickroom\n>p2 move ceaselessedge\n>p1 switch 2\n>p2 move ceaselessedge\n>p1 move thunder mega\n>p2 move ceaselessedge\n>p2 switch 6\n>p1 move icebeam\n>p2 move dualwingbeat\n>p2 switch 2\n>p1 move icebeam\n>p2 move icespinner\n>p2 switch 4\n>p1 switch 3\n>p2 move drainpunch mega\n>p1 move uturn\n>p2 move swordsdance\n>p1 switch 2\n>p1 move trickroom\n>p2 move swordsdance\n>p1 move icebeam\n>p2 move roost\n>p1 move scald\n>p2 move bravebird\n>p1 switch 3\n>p1 move thunder\n>p2 move drainpunch","uploadtime":1766269295}