{"id":"gen9natdexdraft-87","log":"|j|☆Ark64\n|j|☆NottaDoc\n|t:|1760758020\n|gametype|singles\n|player|p1|Ark64|1|\n|player|p2|NottaDoc|265|\n|gen|9\n|tier|[Gen 9] NatDex Draft\n|rule|Tera Type Preview: Tera Types are shown at Team Preview\n|rule|Sleep Clause Mod: Limit one foe put to sleep\n|rule|OHKO Clause: OHKO moves are banned\n|rule|Evasion Clause: Evasion abilities, items, and moves are banned\n|rule|Evasion Abilities Clause: Evasion abilities are banned\n|rule|Evasion Items Clause: Evasion items are banned\n|rule|Evasion Moves Clause: Evasion moves are banned\n|rule|Endless Battle Clause: Forcing endless battles is banned\n|rule|HP Percentage Mod: HP is shown in percentages\n|raw|<div class=\"infobox\"><details class=\"readmore\" open><summary><strong>1 custom rule:</strong></summary> Tera Type Preview</details></div>\n|clearpoke\n|poke|p1|Garchomp-Prime, M|\n|poke|p1|Meganium-Prime, F|\n|poke|p1|Rotom-Heat|\n|poke|p1|Excadrill, M|\n|poke|p1|Annihilape, M|\n|poke|p1|Dondozo, F|\n|poke|p2|Vileplume-Prime, M|\n|poke|p2|Zeraora|\n|poke|p2|Typhlosion-Prime, M|\n|poke|p2|Landorus-Therian, M|\n|poke|p2|Gholdengo|\n|poke|p2|Vaporeon, F|\n|raw|Ark64's Tera Types:<br /><psicon pokemon=\"garchompprime\" /><psicon type=\"Stellar\" /> / <psicon pokemon=\"meganiumprime\" /><psicon type=\"Stellar\" /> / <psicon pokemon=\"rotomheat\" /><psicon type=\"Stellar\" /> / <psicon pokemon=\"excadrill\" /><psicon type=\"Fire\" /> / <psicon pokemon=\"annihilape\" /><psicon type=\"Water\" /> / <psicon pokemon=\"dondozo\" /><psicon type=\"Stellar\" />\n|raw|NottaDoc's Tera Types:<br /><psicon pokemon=\"vileplumeprime\" /><psicon type=\"Grass\" /> / <psicon pokemon=\"zeraora\" /><psicon type=\"Fairy\" /> / <psicon pokemon=\"typhlosionprime\" /><psicon type=\"Fire\" /> / <psicon pokemon=\"landorustherian\" /><psicon type=\"Ground\" /> / <psicon pokemon=\"gholdengo\" /><psicon type=\"Steel\" /> / <psicon pokemon=\"vaporeon\" /><psicon type=\"Water\" />\n|teampreview\n|j|~SparksTheNeo\n|j| The_Shawdoin\n|\n|t:|1760758087\n|teamsize|p1|6\n|teamsize|p2|6\n|start\n|switch|p1a: Meganium-Prime|Meganium-Prime, F, shiny|100/100\n|switch|p2a: Landorus|Landorus-Therian, M|100/100\n|-ability|p2a: Landorus|Intimidate|boost\n|-unboost|p1a: Meganium-Prime|atk|1\n|turn|1\n|\n|t:|1760758099\n|move|p1a: Meganium-Prime|Spore|p2a: Landorus\n|-status|p2a: Landorus|slp|[from] move: Spore\n|cant|p2a: Landorus|slp\n|\n|upkeep\n|turn|2\n|\n|t:|1760758155\n|switch|p2a: Vileplume-Prime|Vileplume-Prime, M|100/100\n|move|p1a: Meganium-Prime|Stone Axe|p2a: Vileplume-Prime\n|-damage|p2a: Vileplume-Prime|94/100\n|-sidestart|p2: NottaDoc|move: Stealth Rock\n|\n|-heal|p2a: Vileplume-Prime|99/100|[from] item: Leftovers\n|upkeep\n|turn|3\n|\n|t:|1760758161\n|move|p1a: Meganium-Prime|Sappy Seed|p2a: Vileplume-Prime\n|-resisted|p2a: Vileplume-Prime\n|-damage|p2a: Vileplume-Prime|97/100\n|move|p2a: Vileplume-Prime|Fiery Dance|p1a: Meganium-Prime\n|-supereffective|p1a: Meganium-Prime\n|-enditem|p1a: Meganium-Prime|Occa Berry|[eat]\n|-enditem|p1a: Meganium-Prime|Occa Berry|[weaken]\n|-damage|p1a: Meganium-Prime|94/100\n|-boost|p2a: Vileplume-Prime|spa|1\n|\n|-heal|p2a: Vileplume-Prime|100/100|[from] item: Leftovers\n|upkeep\n|turn|4\n|l|☆NottaDoc\n|player|p2|\n|j|☆NottaDoc\n|player|p2|NottaDoc|265|\n|\n|t:|1760758208\n|switch|p1a: Garchomp-Prime|Garchomp-Prime, M, shiny|100/100\n|move|p2a: Vileplume-Prime|Spore|p1a: Garchomp-Prime\n|-status|p1a: Garchomp-Prime|slp|[from] move: Spore\n|\n|upkeep\n|turn|5\n|\n|t:|1760758298\n|cant|p1a: Garchomp-Prime|slp\n|move|p2a: Vileplume-Prime|Fiery Dance|p1a: Garchomp-Prime\n|-resisted|p1a: Garchomp-Prime\n|-damage|p1a: Garchomp-Prime|87/100 slp\n|-boost|p2a: Vileplume-Prime|spa|1\n|\n|upkeep\n|turn|6\n|\n|t:|1760758315\n|cant|p1a: Garchomp-Prime|slp\n|move|p2a: Vileplume-Prime|Fiery Dance|p1a: Garchomp-Prime\n|-resisted|p1a: Garchomp-Prime\n|-damage|p1a: Garchomp-Prime|67/100 slp\n|\n|upkeep\n|turn|7\n|\n|t:|1760758325\n|-curestatus|p1a: Garchomp-Prime|slp|[msg]\n|move|p1a: Garchomp-Prime|Bitter Blade|p2a: Vileplume-Prime\n|-supereffective|p2a: Vileplume-Prime\n|-damage|p2a: Vileplume-Prime|60/100\n|-heal|p1a: Garchomp-Prime|87/100|[from] drain|[of] p2a: Vileplume-Prime\n|move|p2a: Vileplume-Prime|Fiery Dance|p1a: Garchomp-Prime\n|-resisted|p1a: Garchomp-Prime\n|-damage|p1a: Garchomp-Prime|67/100\n|-boost|p2a: Vileplume-Prime|spa|1\n|\n|-heal|p2a: Vileplume-Prime|66/100|[from] item: Leftovers\n|upkeep\n|turn|8\n|\n|t:|1760758349\n|switch|p1a: Rotom|Rotom-Heat, shiny|100/100\n|move|p2a: Vileplume-Prime|Strength Sap|p1a: Rotom\n|-unboost|p1a: Rotom|atk|1\n|-heal|p2a: Vileplume-Prime|97/100\n|\n|-heal|p2a: Vileplume-Prime|100/100|[from] item: Leftovers\n|upkeep\n|turn|9\n|\n|t:|1760758378\n|move|p1a: Rotom|Thunder Wave|p2a: Vileplume-Prime\n|-status|p2a: Vileplume-Prime|par\n|cant|p2a: Vileplume-Prime|par\n|\n|upkeep\n|turn|10\n|\n|t:|1760758383\n|move|p1a: Rotom|Night Shade|p2a: Vileplume-Prime\n|-damage|p2a: Vileplume-Prime|75/100 par\n|cant|p2a: Vileplume-Prime|par\n|\n|-heal|p2a: Vileplume-Prime|81/100 par|[from] item: Leftovers\n|upkeep\n|turn|11\n|\n|t:|1760758397\n|move|p1a: Rotom|Night Shade|p2a: Vileplume-Prime\n|-damage|p2a: Vileplume-Prime|56/100 par\n|move|p2a: Vileplume-Prime|Spore|p1a: Rotom\n|-activate|p1a: Rotom|item: Safety Goggles|Spore\n|\n|-heal|p2a: Vileplume-Prime|62/100 par|[from] item: Leftovers\n|upkeep\n|turn|12\n|\n|t:|1760758411\n|move|p2a: Vileplume-Prime|Giga Drain|p1a: Rotom\n|-resisted|p1a: Rotom\n|-damage|p1a: Rotom|68/100\n|-heal|p2a: Vileplume-Prime|75/100 par|[from] drain|[of] p1a: Rotom\n|move|p1a: Rotom|Night Shade|p2a: Vileplume-Prime\n|-damage|p2a: Vileplume-Prime|49/100 par\n|\n|-heal|p2a: Vileplume-Prime|55/100 par|[from] item: Leftovers\n|upkeep\n|turn|13\n|\n|t:|1760758434\n|cant|p2a: Vileplume-Prime|par\n|move|p1a: Rotom|Pain Split|p2a: Vileplume-Prime\n|-sethp|p2a: Vileplume-Prime|54/100 par|[from] move: Pain Split|[silent]\n|-sethp|p1a: Rotom|70/100|[from] move: Pain Split\n|\n|-heal|p2a: Vileplume-Prime|60/100 par|[from] item: Leftovers\n|upkeep\n|turn|14\n|\n|t:|1760758457\n|move|p2a: Vileplume-Prime|Giga Drain|p1a: Rotom\n|-resisted|p1a: Rotom\n|-damage|p1a: Rotom|39/100\n|-heal|p2a: Vileplume-Prime|72/100 par|[from] drain|[of] p1a: Rotom\n|move|p1a: Rotom|Night Shade|p2a: Vileplume-Prime\n|-damage|p2a: Vileplume-Prime|46/100 par\n|\n|-heal|p2a: Vileplume-Prime|53/100 par|[from] item: Leftovers\n|upkeep\n|turn|15\n|\n|t:|1760758470\n|cant|p2a: Vileplume-Prime|par\n|move|p1a: Rotom|Pain Split|p2a: Vileplume-Prime\n|-sethp|p2a: Vileplume-Prime|41/100 par|[from] move: Pain Split|[silent]\n|-sethp|p1a: Rotom|53/100|[from] move: Pain Split\n|\n|-heal|p2a: Vileplume-Prime|47/100 par|[from] item: Leftovers\n|upkeep\n|turn|16\n|\n|t:|1760758477\n|move|p2a: Vileplume-Prime|Giga Drain|p1a: Rotom\n|-resisted|p1a: Rotom\n|-damage|p1a: Rotom|24/100\n|-heal|p2a: Vileplume-Prime|59/100 par|[from] drain|[of] p1a: Rotom\n|move|p1a: Rotom|Night Shade|p2a: Vileplume-Prime\n|-damage|p2a: Vileplume-Prime|33/100 par\n|\n|-heal|p2a: Vileplume-Prime|39/100 par|[from] item: Leftovers\n|upkeep\n|turn|17\n|\n|t:|1760758486\n|cant|p2a: Vileplume-Prime|par\n|move|p1a: Rotom|Volt Switch|p2a: Vileplume-Prime\n|-resisted|p2a: Vileplume-Prime\n|-damage|p2a: Vileplume-Prime|30/100 par\n|\n|t:|1760758488\n|switch|p1a: Garchomp-Prime|Garchomp-Prime, M, shiny|67/100|[from] Volt Switch\n|\n|-heal|p2a: Vileplume-Prime|36/100 par|[from] item: Leftovers\n|upkeep\n|turn|18\n|\n|t:|1760758493\n|move|p2a: Vileplume-Prime|Strength Sap|p1a: Garchomp-Prime\n|-unboost|p1a: Garchomp-Prime|atk|1\n|-heal|p2a: Vileplume-Prime|100/100 par\n|move|p1a: Garchomp-Prime|Bitter Blade|p2a: Vileplume-Prime\n|-supereffective|p2a: Vileplume-Prime\n|-damage|p2a: Vileplume-Prime|74/100 par\n|-heal|p1a: Garchomp-Prime|80/100|[from] drain|[of] p2a: Vileplume-Prime\n|\n|-heal|p2a: Vileplume-Prime|80/100 par|[from] item: Leftovers\n|upkeep\n|turn|19\n|\n|t:|1760758506\n|switch|p1a: Rotom|Rotom-Heat, shiny|24/100\n|move|p2a: Vileplume-Prime|Fiery Dance|p1a: Rotom\n|-resisted|p1a: Rotom\n|-damage|p1a: Rotom|1/100\n|-boost|p2a: Vileplume-Prime|spa|1\n|\n|-heal|p2a: Vileplume-Prime|86/100 par|[from] item: Leftovers\n|upkeep\n|turn|20\n|\n|t:|1760758514\n|move|p2a: Vileplume-Prime|Giga Drain|p1a: Rotom\n|-resisted|p1a: Rotom\n|-damage|p1a: Rotom|0 fnt\n|-heal|p2a: Vileplume-Prime|87/100 par|[from] drain|[of] p1a: Rotom\n|faint|p1a: Rotom\n|\n|-heal|p2a: Vileplume-Prime|93/100 par|[from] item: Leftovers\n|upkeep\n|\n|t:|1760758577\n|switch|p1a: Meganium-Prime|Meganium-Prime, F, shiny|94/100\n|turn|21\n|\n|t:|1760758589\n|move|p1a: Meganium-Prime|Stone Axe|p2a: Vileplume-Prime\n|-damage|p2a: Vileplume-Prime|84/100 par\n|cant|p2a: Vileplume-Prime|par\n|\n|-heal|p2a: Vileplume-Prime|90/100 par|[from] item: Leftovers\n|upkeep\n|turn|22\n|\n|t:|1760758619\n|switch|p1a: Dondozo|Dondozo, F, shiny|100/100\n|cant|p2a: Vileplume-Prime|par\n|\n|-heal|p2a: Vileplume-Prime|96/100 par|[from] item: Leftovers\n|upkeep\n|turn|23\n|\n|t:|1760758629\n|move|p1a: Dondozo|Protect|p1a: Dondozo\n|-singleturn|p1a: Dondozo|Protect\n|move|p2a: Vileplume-Prime|Spore|p1a: Dondozo\n|-activate|p1a: Dondozo|move: Protect\n|\n|-heal|p2a: Vileplume-Prime|100/100 par|[from] item: Leftovers\n|upkeep\n|turn|24\n|\n|t:|1760758636\n|cant|p2a: Vileplume-Prime|par\n|move|p1a: Dondozo|Zen Headbutt|p2a: Vileplume-Prime\n|-supereffective|p2a: Vileplume-Prime\n|-damage|p2a: Vileplume-Prime|79/100 par\n|\n|-heal|p2a: Vileplume-Prime|85/100 par|[from] item: Leftovers\n|upkeep\n|turn|25\n|\n|t:|1760758645\n|switch|p1a: Meganium-Prime|Meganium-Prime, F, shiny|94/100\n|cant|p2a: Vileplume-Prime|par\n|\n|-heal|p2a: Vileplume-Prime|91/100 par|[from] item: Leftovers\n|upkeep\n|turn|26\n|\n|t:|1760758652\n|move|p1a: Meganium-Prime|Stone Axe|p2a: Vileplume-Prime\n|-damage|p2a: Vileplume-Prime|82/100 par\n|move|p2a: Vileplume-Prime|Fiery Dance|p1a: Meganium-Prime\n|-supereffective|p1a: Meganium-Prime\n|-damage|p1a: Meganium-Prime|56/100\n|-boost|p2a: Vileplume-Prime|spa|1\n|\n|-heal|p2a: Vileplume-Prime|88/100 par|[from] item: Leftovers\n|upkeep\n|turn|27\n|\n|t:|1760758661\n|move|p1a: Meganium-Prime|Synthesis|p1a: Meganium-Prime\n|-heal|p1a: Meganium-Prime|100/100\n|move|p2a: Vileplume-Prime|Fiery Dance|p1a: Meganium-Prime\n|-supereffective|p1a: Meganium-Prime\n|-crit|p1a: Meganium-Prime\n|-damage|p1a: Meganium-Prime|36/100\n|-boost|p2a: Vileplume-Prime|spa|1\n|\n|-heal|p2a: Vileplume-Prime|94/100 par|[from] item: Leftovers\n|upkeep\n|turn|28\n|\n|t:|1760758693\n|cant|p2a: Vileplume-Prime|par\n|move|p1a: Meganium-Prime|Synthesis|p1a: Meganium-Prime\n|-heal|p1a: Meganium-Prime|86/100\n|\n|-heal|p2a: Vileplume-Prime|99/100 par|[from] item: Leftovers\n|upkeep\n|turn|29\n|\n|t:|1760758700\n|move|p1a: Meganium-Prime|Stone Axe|p2a: Vileplume-Prime\n|-damage|p2a: Vileplume-Prime|91/100 par\n|cant|p2a: Vileplume-Prime|par\n|\n|-heal|p2a: Vileplume-Prime|97/100 par|[from] item: Leftovers\n|upkeep\n|turn|30\n|\n|t:|1760758708\n|move|p1a: Meganium-Prime|Stone Axe|p2a: Vileplume-Prime\n|-crit|p2a: Vileplume-Prime\n|-damage|p2a: Vileplume-Prime|84/100 par\n|move|p2a: Vileplume-Prime|Spore|p1a: Meganium-Prime\n|-immune|p1a: Meganium-Prime\n|\n|-heal|p2a: Vileplume-Prime|90/100 par|[from] item: Leftovers\n|upkeep\n|turn|31\n|\n|t:|1760758716\n|move|p1a: Meganium-Prime|Stone Axe|p2a: Vileplume-Prime\n|-damage|p2a: Vileplume-Prime|80/100 par\n|move|p2a: Vileplume-Prime|Fiery Dance|p1a: Meganium-Prime\n|-supereffective|p1a: Meganium-Prime\n|-damage|p1a: Meganium-Prime|34/100\n|\n|-heal|p2a: Vileplume-Prime|87/100 par|[from] item: Leftovers\n|upkeep\n|turn|32\n|\n|t:|1760758723\n|move|p1a: Meganium-Prime|Synthesis|p1a: Meganium-Prime\n|-heal|p1a: Meganium-Prime|84/100\n|move|p2a: Vileplume-Prime|Fiery Dance|p1a: Meganium-Prime\n|-supereffective|p1a: Meganium-Prime\n|-damage|p1a: Meganium-Prime|32/100\n|\n|-heal|p2a: Vileplume-Prime|93/100 par|[from] item: Leftovers\n|upkeep\n|turn|33\n|\n|t:|1760758730\n|cant|p2a: Vileplume-Prime|par\n|move|p1a: Meganium-Prime|Synthesis|p1a: Meganium-Prime\n|-heal|p1a: Meganium-Prime|82/100\n|\n|-heal|p2a: Vileplume-Prime|99/100 par|[from] item: Leftovers\n|upkeep\n|turn|34\n|\n|t:|1760758734\n|move|p1a: Meganium-Prime|Stone Axe|p2a: Vileplume-Prime\n|-damage|p2a: Vileplume-Prime|90/100 par\n|move|p2a: Vileplume-Prime|Fiery Dance|p1a: Meganium-Prime\n|-supereffective|p1a: Meganium-Prime\n|-damage|p1a: Meganium-Prime|26/100\n|\n|-heal|p2a: Vileplume-Prime|96/100 par|[from] item: Leftovers\n|upkeep\n|turn|35\n|\n|t:|1760758738\n|cant|p2a: Vileplume-Prime|par\n|move|p1a: Meganium-Prime|Stone Axe|p2a: Vileplume-Prime\n|-damage|p2a: Vileplume-Prime|86/100 par\n|\n|-heal|p2a: Vileplume-Prime|92/100 par|[from] item: Leftovers\n|upkeep\n|turn|36\n|\n|t:|1760758747\n|move|p2a: Vileplume-Prime|Giga Drain|p1a: Meganium-Prime\n|-resisted|p1a: Meganium-Prime\n|-damage|p1a: Meganium-Prime|0 fnt\n|-heal|p2a: Vileplume-Prime|100/100 par|[from] drain|[of] p1a: Meganium-Prime\n|faint|p1a: Meganium-Prime\n|\n|upkeep\n|\n|t:|1760758763\n|switch|p1a: Excadrill|Excadrill, M, shiny|100/100\n|-ability|p1a: Excadrill|Mold Breaker\n|turn|37\n|\n|t:|1760758773\n|-terastallize|p1a: Excadrill|Fire\n|move|p2a: Vileplume-Prime|Giga Drain|p1a: Excadrill\n|-resisted|p1a: Excadrill\n|-damage|p1a: Excadrill|21/100\n|move|p1a: Excadrill|Iron Head|p2a: Vileplume-Prime\n|-damage|p2a: Vileplume-Prime|75/100 par\n|\n|-heal|p2a: Vileplume-Prime|81/100 par|[from] item: Leftovers\n|upkeep\n|turn|38\n|\n|t:|1760758787\n|move|p2a: Vileplume-Prime|Giga Drain|p1a: Excadrill\n|-resisted|p1a: Excadrill\n|-damage|p1a: Excadrill|0 fnt\n|-heal|p2a: Vileplume-Prime|91/100 par|[from] drain|[of] p1a: Excadrill\n|faint|p1a: Excadrill\n|\n|-heal|p2a: Vileplume-Prime|97/100 par|[from] item: Leftovers\n|upkeep\n|\n|t:|1760758796\n|switch|p1a: Garchomp-Prime|Garchomp-Prime, M, shiny|80/100\n|turn|39\n|l|☆Ark64\n|player|p1|\n|j|☆Ark64\n|player|p1|Ark64|1|\n|\n|t:|1760758877\n|cant|p2a: Vileplume-Prime|par\n|move|p1a: Garchomp-Prime|Bitter Blade|p2a: Vileplume-Prime\n|-supereffective|p2a: Vileplume-Prime\n|-damage|p2a: Vileplume-Prime|58/100 par\n|-heal|p1a: Garchomp-Prime|99/100|[from] drain|[of] p2a: Vileplume-Prime\n|\n|-heal|p2a: Vileplume-Prime|64/100 par|[from] item: Leftovers\n|upkeep\n|turn|40\n|\n|t:|1760758883\n|move|p2a: Vileplume-Prime|Strength Sap|p1a: Garchomp-Prime\n|-unboost|p1a: Garchomp-Prime|atk|1\n|-heal|p2a: Vileplume-Prime|100/100 par\n|move|p1a: Garchomp-Prime|Bitter Blade|p2a: Vileplume-Prime\n|-supereffective|p2a: Vileplume-Prime\n|-damage|p2a: Vileplume-Prime|71/100 par\n|-heal|p1a: Garchomp-Prime|100/100|[from] drain|[of] p2a: Vileplume-Prime\n|\n|-heal|p2a: Vileplume-Prime|77/100 par|[from] item: Leftovers\n|upkeep\n|turn|41\n|\n|t:|1760758889\n|move|p2a: Vileplume-Prime|Giga Drain|p1a: Garchomp-Prime\n|-damage|p1a: Garchomp-Prime|1/100\n|-heal|p2a: Vileplume-Prime|100/100 par|[from] drain|[of] p1a: Garchomp-Prime\n|move|p1a: Garchomp-Prime|Dragon Dance|p1a: Garchomp-Prime\n|-boost|p1a: Garchomp-Prime|atk|1\n|-boost|p1a: Garchomp-Prime|spe|1\n|\n|upkeep\n|turn|42\n|\n|t:|1760758893\n|cant|p2a: Vileplume-Prime|par\n|move|p1a: Garchomp-Prime|Bitter Blade|p2a: Vileplume-Prime\n|-supereffective|p2a: Vileplume-Prime\n|-damage|p2a: Vileplume-Prime|58/100 par\n|-heal|p1a: Garchomp-Prime|22/100|[from] drain|[of] p2a: Vileplume-Prime\n|\n|-heal|p2a: Vileplume-Prime|64/100 par|[from] item: Leftovers\n|upkeep\n|turn|43\n|\n|t:|1760758900\n|cant|p2a: Vileplume-Prime|par\n|move|p1a: Garchomp-Prime|Bitter Blade|p2a: Vileplume-Prime\n|-supereffective|p2a: Vileplume-Prime\n|-damage|p2a: Vileplume-Prime|24/100 par\n|-heal|p1a: Garchomp-Prime|42/100|[from] drain|[of] p2a: Vileplume-Prime\n|\n|-heal|p2a: Vileplume-Prime|30/100 par|[from] item: Leftovers\n|upkeep\n|turn|44\n|\n|t:|1760758905\n|move|p2a: Vileplume-Prime|Strength Sap|p1a: Garchomp-Prime\n|-unboost|p1a: Garchomp-Prime|atk|1\n|-heal|p2a: Vileplume-Prime|100/100 par\n|move|p1a: Garchomp-Prime|Bitter Blade|p2a: Vileplume-Prime\n|-supereffective|p2a: Vileplume-Prime\n|-damage|p2a: Vileplume-Prime|72/100 par\n|-heal|p1a: Garchomp-Prime|56/100|[from] drain|[of] p2a: Vileplume-Prime\n|\n|-heal|p2a: Vileplume-Prime|78/100 par|[from] item: Leftovers\n|upkeep\n|turn|45\n|\n|t:|1760758911\n|move|p2a: Vileplume-Prime|Giga Drain|p1a: Garchomp-Prime\n|-crit|p1a: Garchomp-Prime\n|-damage|p1a: Garchomp-Prime|0 fnt\n|-heal|p2a: Vileplume-Prime|100/100 par|[from] drain|[of] p1a: Garchomp-Prime\n|faint|p1a: Garchomp-Prime\n|\n|upkeep\n|\n|t:|1760758925\n|switch|p1a: Annihilape|Annihilape, M, shiny|100/100\n|turn|46\n|\n|t:|1760758942\n|move|p2a: Vileplume-Prime|Giga Drain|p1a: Annihilape\n|-damage|p1a: Annihilape|26/100\n|move|p1a: Annihilape|Ice Punch|p2a: Vileplume-Prime\n|-supereffective|p2a: Vileplume-Prime\n|-damage|p2a: Vileplume-Prime|70/100 par\n|\n|-heal|p2a: Vileplume-Prime|76/100 par|[from] item: Leftovers\n|upkeep\n|turn|47\n|\n|t:|1760758954\n|move|p2a: Vileplume-Prime|Giga Drain|p1a: Annihilape\n|-damage|p1a: Annihilape|0 fnt\n|-heal|p2a: Vileplume-Prime|90/100 par|[from] drain|[of] p1a: Annihilape\n|faint|p1a: Annihilape\n|\n|-heal|p2a: Vileplume-Prime|96/100 par|[from] item: Leftovers\n|upkeep\n|\n|t:|1760758956\n|switch|p1a: Dondozo|Dondozo, F, shiny|100/100\n|turn|48\n|\n|t:|1760758961\n|move|p2a: Vileplume-Prime|Giga Drain|p1a: Dondozo\n|-supereffective|p1a: Dondozo\n|-damage|p1a: Dondozo|56/100\n|-heal|p2a: Vileplume-Prime|100/100 par|[from] drain|[of] p1a: Dondozo\n|move|p1a: Dondozo|Zen Headbutt|p2a: Vileplume-Prime\n|-supereffective|p2a: Vileplume-Prime\n|-crit|p2a: Vileplume-Prime\n|-damage|p2a: Vileplume-Prime|68/100 par\n|\n|-heal|p1a: Dondozo|63/100|[from] item: Leftovers\n|-heal|p2a: Vileplume-Prime|74/100 par|[from] item: Leftovers\n|upkeep\n|turn|49\n|\n|t:|1760758964\n|move|p1a: Dondozo|Zen Headbutt|p2a: Vileplume-Prime\n|-supereffective|p2a: Vileplume-Prime\n|-damage|p2a: Vileplume-Prime|52/100 par\n|cant|p2a: Vileplume-Prime|par\n|\n|-heal|p1a: Dondozo|69/100|[from] item: Leftovers\n|-heal|p2a: Vileplume-Prime|58/100 par|[from] item: Leftovers\n|upkeep\n|turn|50\n|\n|t:|1760758969\n|move|p2a: Vileplume-Prime|Giga Drain|p1a: Dondozo\n|-supereffective|p1a: Dondozo\n|-crit|p1a: Dondozo\n|-damage|p1a: Dondozo|5/100\n|-heal|p2a: Vileplume-Prime|99/100 par|[from] drain|[of] p1a: Dondozo\n|move|p1a: Dondozo|Zen Headbutt|p2a: Vileplume-Prime\n|-supereffective|p2a: Vileplume-Prime\n|-damage|p2a: Vileplume-Prime|78/100 par\n|\n|-heal|p1a: Dondozo|11/100|[from] item: Leftovers\n|-heal|p2a: Vileplume-Prime|84/100 par|[from] item: Leftovers\n|upkeep\n|turn|51\n|\n|t:|1760758980\n|move|p2a: Vileplume-Prime|Giga Drain|p1a: Dondozo\n|-supereffective|p1a: Dondozo\n|-damage|p1a: Dondozo|0 fnt\n|-heal|p2a: Vileplume-Prime|91/100 par|[from] drain|[of] p1a: Dondozo\n|faint|p1a: Dondozo\n|\n|win|NottaDoc\n|l|☆Ark64\n|player|p1|\n","players":["Ark64","NottaDoc"],"format":"[Gen 9] NatDex Draft","rating":null,"private":0,"password":null,"inputlog":">version 266cd7969f11373d44307dd452d2e51e08c39070\n>start {\"formatid\":\"gen9natdexdraft@@@Tera Type Preview\",\"seed\":\"sodium,c2cac0e1412bb54460661ee71ed5395d\"}\n>player p1 {\"name\":\"Ark64\",\"avatar\":\"1\",\"team\":\"Garchomp-Prime||YacheBerry|ArenaTrap|Liquidation,DragonDance,BitterBlade,Earthquake|Jolly|16,252,,,,240|M||S||,,,,,Stellar]Meganium-Prime||OccaBerry|ThickFat|Spore,SappySeed,StoneAxe,Synthesis|Careful|252,,60,,196,|F||S||,,,,,Stellar]Rotom|RotomHeat|SafetyGoggles|Levitate|ThunderWave,VoltSwitch,PainSplit,NightShade|Calm|252,,,4,252,|N|,0,,,,|S||,,,,,Stellar]Excadrill||HeavyDutyBoots|MoldBreaker|RapidSpin,Earthquake,SwordsDance,IronHead|Jolly|32,252,,,,224|M||S||,,,,,Fire]Annihilape||AssaultVest|Defiant|DrainPunch,RageFist,IcePunch,Earthquake|Adamant|244,252,,,,12|M||S||,,,,,Water]Dondozo||Leftovers|Unaware|ZenHeadbutt,Earthquake,Yawn,Protect|Careful|252,,4,,252,|F||S||,,,,,Stellar\",\"rating\":0}\n>player p2 {\"name\":\"NottaDoc\",\"avatar\":\"265\",\"team\":\"Vileplume-Prime||Leftovers|Triage|FieryDance,GigaDrain,StrengthSap,Spore|Bold|252,,252,4,,|M|,0,,,,|||,,,,,Grass]Zeraora||AirBalloon|VoltAbsorb|PlayRough,Acrobatics,CloseCombat,BulkUp|Adamant|32,252,,,,224|N||||,,,,,Fairy]Typhlosion-Prime||AirBalloon|Drought|FieryDance,ElectroDrift,HiddenPowerIce,BurningBulwark|Timid|,,,252,4,252|M|,0,,,,|||,Ice,,,,Fire]Landorus|LandorusTherian|RockyHelmet|Intimidate|EarthPower,StealthRock,Toxic,Uturn|Bold|252,,252,,,|M||||,,,,,Ground]Gholdengo||ChoiceScarf|GoodasGold|MakeItRain,Hex,DazzlingGleam,ThunderWave|Modest|64,,,252,,192|N|,0,,,,|||,,,,,Steel]Vaporeon||Leftovers|WaterAbsorb|Scald,Toxic,Wish,FlipTurn|Calm|252,,,,252,|F||||,,,,,Water\",\"rating\":0}\n>p1 team 2, 1, 3, 4, 5, 6\n>p2 team 4, 2, 3, 1, 5, 6\n>p1 move spore\n>p2 move toxic\n>p1 move stoneaxe\n>p2 switch 4\n>p1 move sappyseed\n>p2 move fierydance\n>p1 switch 2\n>p2 move spore\n>p1 move dragondance\n>p2 move fierydance\n>p1 move dragondance\n>p2 move fierydance\n>p1 move bitterblade\n>p2 move fierydance\n>p1 switch 3\n>p2 move strengthsap\n>p1 move thunderwave\n>p2 move spore\n>p1 move nightshade\n>p2 move spore\n>p1 move nightshade\n>p2 move spore\n>p1 move nightshade\n>p2 move gigadrain\n>p1 move painsplit\n>p2 move gigadrain\n>p1 move nightshade\n>p2 move gigadrain\n>p1 move painsplit\n>p2 move strengthsap\n>p1 move nightshade\n>p2 move gigadrain\n>p1 move voltswitch\n>p2 move gigadrain\n>p1 switch 3\n>p1 move bitterblade\n>p2 move strengthsap\n>p1 switch 3\n>p2 move fierydance\n>p1 move nightshade\n>p2 move gigadrain\n>p1 switch 2\n>p1 move stoneaxe\n>p2 move fierydance\n>p1 switch 6\n>p2 move fierydance\n>p1 move protect\n>p2 move spore\n>p1 move zenheadbutt\n>p2 move gigadrain\n>p1 switch 6\n>p2 move gigadrain\n>p1 move stoneaxe\n>p2 move fierydance\n>p1 move synthesis\n>p2 move fierydance\n>p1 move synthesis\n>p2 move gigadrain\n>p1 move stoneaxe\n>p2 move fierydance\n>p1 move stoneaxe\n>p2 move spore\n>p1 move stoneaxe\n>p2 move fierydance\n>p1 move synthesis\n>p2 move fierydance\n>p1 move synthesis\n>p2 move gigadrain\n>p1 move stoneaxe\n>p2 move fierydance\n>p1 move stoneaxe\n>p2 move gigadrain\n>p1 move stoneaxe\n>p2 move gigadrain\n>p1 switch 4\n>p1 move ironhead terastallize\n>p2 move gigadrain\n>p1 move ironhead\n>p2 move gigadrain\n>p1 switch 3\n>p1 move bitterblade\n>p2 move gigadrain\n>p1 move bitterblade\n>p2 move strengthsap\n>p1 move dragondance\n>p2 move gigadrain\n>p1 move bitterblade\n>p2 move gigadrain\n>p1 move bitterblade\n>p2 move gigadrain\n>p1 move bitterblade\n>p2 move strengthsap\n>p1 move dragondance\n>p2 move gigadrain\n>p1 switch 5\n>p1 move icepunch\n>p2 move gigadrain\n>p1 move ragefist\n>p2 move gigadrain\n>p1 switch 6\n>p1 move zenheadbutt\n>p2 move gigadrain\n>p1 move zenheadbutt\n>p2 move spore\n>p1 move zenheadbutt\n>p2 move gigadrain\n>p1 move zenheadbutt\n>p2 move gigadrain","uploadtime":1760759657}