{"id":"gen9natdexdraft-68","log":"|j|☆Kjflame013\n|j|☆caeriselene\n|t:|1760346047\n|gametype|singles\n|player|p1|Kjflame013|265|\n|player|p2|caeriselene|1|\n|gen|9\n|tier|[Gen 9] NatDex Draft\n|rule|Tera Type Preview: Tera Types are shown at Team Preview\n|rule|Sleep Clause Mod: Limit one foe put to sleep\n|rule|OHKO Clause: OHKO moves are banned\n|rule|Evasion Clause: Evasion abilities, items, and moves are banned\n|rule|Evasion Abilities Clause: Evasion abilities are banned\n|rule|Evasion Items Clause: Evasion items are banned\n|rule|Evasion Moves Clause: Evasion moves are banned\n|rule|Endless Battle Clause: Forcing endless battles is banned\n|rule|HP Percentage Mod: HP is shown in percentages\n|raw|<div class=\"infobox\"><details class=\"readmore\" open><summary><strong>1 custom rule:</strong></summary> Tera Type Preview</details></div>\n|clearpoke\n|poke|p1|Jolteon-Prime, M|\n|poke|p1|Corviknight-Prime, F|\n|poke|p1|Urshifu-*, F|\n|poke|p1|Avalugg, M|\n|poke|p1|Primarina, M|\n|poke|p1|Venusaur, M|\n|poke|p2|Regigigas-Prime|\n|poke|p2|Flygon, F|\n|poke|p2|Simipour-Prime, M|\n|poke|p2|Dhelmise|\n|poke|p2|Corviknight, M|\n|poke|p2|Blaziken, M|\n|raw|Kjflame013's Tera Types:<br /><psicon pokemon=\"jolteonprime\" /><psicon type=\"Electric\" /> / <psicon pokemon=\"corviknightprime\" /><psicon type=\"Flying\" /> / <psicon pokemon=\"urshifu\" /><psicon type=\"Poison\" /> / <psicon pokemon=\"avalugg\" /><psicon type=\"Fighting\" /> / <psicon pokemon=\"primarina\" /><psicon type=\"Water\" /> / <psicon pokemon=\"venusaur\" /><psicon type=\"Grass\" />\n|raw|caeriselene's Tera Types:<br /><psicon pokemon=\"regigigasprime\" /><psicon type=\"Normal\" /> / <psicon pokemon=\"flygon\" /><psicon type=\"Ground\" /> / <psicon pokemon=\"simipourprime\" /><psicon type=\"Water\" /> / <psicon pokemon=\"dhelmise\" /><psicon type=\"Ghost\" /> / <psicon pokemon=\"corviknight\" /><psicon type=\"Flying\" /> / <psicon pokemon=\"blaziken\" /><psicon type=\"Fairy\" />\n|teampreview\n|c|☆Kjflame013|Glhf\n|l|☆Kjflame013\n|player|p1|\n|c|☆caeriselene|goodluck have fun\n|c|☆caeriselene|you too\n|j|☆Kjflame013\n|player|p1|Kjflame013|265|\n|\n|t:|1760346162\n|teamsize|p1|6\n|teamsize|p2|6\n|start\n|switch|p1a: Urshifu|Urshifu, F|100/100\n|switch|p2a: Dhelmise|Dhelmise|100/100\n|turn|1\n|\n|t:|1760346196\n|switch|p2a: Blaziken|Blaziken, M|100/100\n|move|p1a: Urshifu|Wicked Blow|p2a: Blaziken\n|-resisted|p2a: Blaziken\n|-crit|p2a: Blaziken\n|-damage|p2a: Blaziken|52/100\n|\n|-heal|p2a: Blaziken|58/100|[from] item: Leftovers\n|upkeep\n|turn|2\n|\n|t:|1760346216\n|switch|p1a: Primarina|Primarina, M|100/100\n|-terastallize|p2a: Blaziken|Fairy\n|move|p2a: Blaziken|Will-O-Wisp|p1a: Primarina\n|-status|p1a: Primarina|brn\n|\n|-heal|p2a: Blaziken|65/100|[from] item: Leftovers\n|-damage|p1a: Primarina|94/100 brn|[from] brn\n|-ability|p2a: Blaziken|Speed Boost|boost\n|-boost|p2a: Blaziken|spe|1\n|upkeep\n|turn|3\n|\n|t:|1760346220\n|move|p2a: Blaziken|U-turn|p1a: Primarina\n|-resisted|p1a: Primarina\n|-damage|p1a: Primarina|85/100 brn\n|\n|t:|1760346224\n|switch|p2a: Dhelmise|Dhelmise|100/100|[from] U-turn\n|move|p1a: Primarina|Flip Turn|p2a: Dhelmise\n|-resisted|p2a: Dhelmise\n|-damage|p2a: Dhelmise|97/100\n|\n|t:|1760346228\n|switch|p1a: Urshifu|Urshifu, F|100/100|[from] Flip Turn\n|\n|upkeep\n|turn|4\n|\n|t:|1760346232\n|move|p1a: Urshifu|Wicked Blow|p2a: Dhelmise\n|-supereffective|p2a: Dhelmise\n|-crit|p2a: Dhelmise\n|-damage|p2a: Dhelmise|0 fnt\n|faint|p2a: Dhelmise\n|\n|upkeep\n|\n|t:|1760346240\n|switch|p2a: Blaziken|Blaziken, M, tera:Fairy|65/100\n|turn|5\n|\n|t:|1760346249\n|switch|p1a: Primarina|Primarina, M|85/100 brn\n|move|p2a: Blaziken|Will-O-Wisp|p1a: Primarina\n|-fail|p1a: Primarina|brn\n|\n|-heal|p2a: Blaziken|71/100|[from] item: Leftovers\n|-heal|p1a: Primarina|91/100 brn|[from] item: Leftovers\n|-damage|p1a: Primarina|85/100 brn|[from] brn\n|-ability|p2a: Blaziken|Speed Boost|boost\n|-boost|p2a: Blaziken|spe|1\n|upkeep\n|turn|6\n|\n|t:|1760346259\n|move|p2a: Blaziken|U-turn|p1a: Primarina\n|-resisted|p1a: Primarina\n|-damage|p1a: Primarina|76/100 brn\n|\n|t:|1760346263\n|switch|p2a: Simipour-Prime|Simipour-Prime, M|100/100|[from] U-turn\n|move|p1a: Primarina|Flip Turn|p2a: Simipour-Prime\n|-resisted|p2a: Simipour-Prime\n|-damage|p2a: Simipour-Prime|96/100\n|\n|t:|1760346270\n|switch|p1a: Jolteon-Prime|Jolteon-Prime, M|100/100|[from] Flip Turn\n|\n|upkeep\n|turn|7\n|\n|t:|1760346290\n|switch|p2a: Flygon|Flygon, F|100/100\n|move|p1a: Jolteon-Prime|Calm Mind|p1a: Jolteon-Prime\n|-boost|p1a: Jolteon-Prime|spa|1\n|-boost|p1a: Jolteon-Prime|spd|1\n|\n|upkeep\n|turn|8\n|\n|t:|1760346299\n|move|p1a: Jolteon-Prime|Boomburst|p2a: Flygon\n|-damage|p2a: Flygon|44/100\n|-enditem|p1a: Jolteon-Prime|Throat Spray\n|-boost|p1a: Jolteon-Prime|spa|1|[from] item: Throat Spray\n|move|p2a: Flygon|Earthquake|p1a: Jolteon-Prime\n|-supereffective|p1a: Jolteon-Prime\n|-damage|p1a: Jolteon-Prime|0 fnt\n|faint|p1a: Jolteon-Prime\n|\n|upkeep\n|c|☆Kjflame013|Thought it do more\n|c|☆Kjflame013|I’m tired\n|c|☆Kjflame013|lol\n|c|☆caeriselene|yea happens lol\n|\n|t:|1760346324\n|switch|p1a: Primarina|Primarina, M|76/100 brn\n|turn|9\n|\n|t:|1760346330\n|move|p2a: Flygon|U-turn|p1a: Primarina\n|-resisted|p1a: Primarina\n|-damage|p1a: Primarina|67/100 brn\n|\n|t:|1760346336\n|switch|p2a: Simipour-Prime|Simipour-Prime, M|96/100|[from] U-turn\n|move|p1a: Primarina|Flip Turn|p2a: Simipour-Prime\n|-resisted|p2a: Simipour-Prime\n|-damage|p2a: Simipour-Prime|91/100\n|\n|t:|1760346339\n|switch|p1a: Venusaur|Venusaur, M|100/100|[from] Flip Turn\n|\n|upkeep\n|turn|10\n|\n|t:|1760346349\n|detailschange|p1a: Venusaur|Venusaur-Mega, M\n|-mega|p1a: Venusaur|Venusaur|Venusaurite\n|move|p2a: Simipour-Prime|Ice Beam|p1a: Venusaur\n|-supereffective|p1a: Venusaur\n|-damage|p1a: Venusaur|75/100\n|move|p1a: Venusaur|Sludge Bomb|p2a: Simipour-Prime\n|-damage|p2a: Simipour-Prime|54/100\n|\n|upkeep\n|turn|11\n|\n|t:|1760346357\n|switch|p2a: Corviknight|Corviknight, M|100/100\n|-ability|p2a: Corviknight|Pressure\n|move|p1a: Venusaur|Sludge Bomb|p2a: Corviknight\n|-immune|p2a: Corviknight\n|\n|upkeep\n|turn|12\n|\n|t:|1760346361\n|switch|p1a: Corviknight-Prime|Corviknight-Prime, F|100/100\n|move|p2a: Corviknight|Taunt|p1a: Corviknight-Prime\n|-start|p1a: Corviknight-Prime|move: Taunt\n|\n|upkeep\n|turn|13\n|\n|t:|1760346370\n|move|p1a: Corviknight-Prime|Body Press|p2a: Corviknight\n|-damage|p2a: Corviknight|81/100\n|move|p2a: Corviknight|U-turn|p1a: Corviknight-Prime\n|-resisted|p1a: Corviknight-Prime\n|-damage|p1a: Corviknight-Prime|98/100\n|-damage|p2a: Corviknight|68/100|[from] ability: Iron Barbs|[of] p1a: Corviknight-Prime\n|\n|t:|1760346374\n|switch|p2a: Blaziken|Blaziken, M, tera:Fairy|71/100|[from] U-turn\n|\n|-heal|p2a: Blaziken|77/100|[from] item: Leftovers\n|-heal|p1a: Corviknight-Prime|100/100|[from] item: Leftovers\n|upkeep\n|turn|14\n|\n|t:|1760346378\n|move|p2a: Blaziken|Overheat|p1a: Corviknight-Prime\n|-supereffective|p1a: Corviknight-Prime\n|-damage|p1a: Corviknight-Prime|16/100\n|-unboost|p2a: Blaziken|spa|2\n|move|p1a: Corviknight-Prime|Behemoth Bash|p2a: Blaziken\n|-supereffective|p2a: Blaziken\n|-damage|p2a: Blaziken|0 fnt\n|faint|p2a: Blaziken\n|\n|-heal|p1a: Corviknight-Prime|22/100|[from] item: Leftovers\n|-end|p1a: Corviknight-Prime|move: Taunt\n|upkeep\n|\n|t:|1760346384\n|switch|p2a: Regigigas-Prime|Regigigas-Prime|100/100\n|turn|15\n|\n|t:|1760346390\n|move|p2a: Regigigas-Prime|Heat Crash|p1a: Corviknight-Prime\n|-supereffective|p1a: Corviknight-Prime\n|-crit|p1a: Corviknight-Prime\n|-damage|p1a: Corviknight-Prime|0 fnt\n|-activate|p1a: Corviknight-Prime|ability: Iron Barbs\n|-activate|p2a: Regigigas-Prime|item: Protective Pads\n|faint|p1a: Corviknight-Prime\n|\n|upkeep\n|\n|t:|1760346401\n|switch|p1a: Urshifu|Urshifu, F|100/100\n|turn|16\n|\n|t:|1760346405\n|-terastallize|p1a: Urshifu|Poison\n|move|p1a: Urshifu|Close Combat|p2a: Regigigas-Prime\n|-supereffective|p2a: Regigigas-Prime\n|-damage|p2a: Regigigas-Prime|3/100\n|-unboost|p1a: Urshifu|def|1\n|-unboost|p1a: Urshifu|spd|1\n|move|p2a: Regigigas-Prime|Return|p1a: Urshifu\n|-damage|p1a: Urshifu|0 fnt\n|faint|p1a: Urshifu\n|\n|upkeep\n|\n|t:|1760346413\n|switch|p1a: Primarina|Primarina, M|67/100 brn\n|turn|17\n|c|☆caeriselene|that is insane\n|\n|t:|1760346417\n|move|p2a: Regigigas-Prime|Recover|p2a: Regigigas-Prime\n|-heal|p2a: Regigigas-Prime|53/100\n|move|p1a: Primarina|Flip Turn|p2a: Regigigas-Prime\n|-damage|p2a: Regigigas-Prime|48/100\n|\n|t:|1760346420\n|switch|p1a: Avalugg|Avalugg, M|100/100|[from] Flip Turn\n|\n|upkeep\n|turn|18\n|\n|t:|1760346426\n|switch|p2a: Corviknight|Corviknight, M|68/100\n|-ability|p2a: Corviknight|Pressure\n|move|p1a: Avalugg|Body Press|p2a: Corviknight\n|-damage|p2a: Corviknight|38/100\n|\n|-heal|p2a: Corviknight|44/100|[from] item: Leftovers\n|upkeep\n|turn|19\n|\n|t:|1760346433\n|move|p2a: Corviknight|Roost|p2a: Corviknight\n|-heal|p2a: Corviknight|94/100\n|-singleturn|p2a: Corviknight|move: Roost\n|move|p1a: Avalugg|Body Press|p2a: Corviknight\n|-supereffective|p2a: Corviknight\n|-damage|p2a: Corviknight|24/100\n|\n|-heal|p2a: Corviknight|30/100|[from] item: Leftovers\n|upkeep\n|turn|20\n|\n|t:|1760346447\n|move|p2a: Corviknight|U-turn|p1a: Avalugg\n|-damage|p1a: Avalugg|95/100\n|\n|t:|1760346462\n|switch|p2a: Flygon|Flygon, F|44/100|[from] U-turn\n|move|p1a: Avalugg|Body Press|p2a: Flygon\n|-damage|p2a: Flygon|0 fnt\n|faint|p2a: Flygon\n|\n|upkeep\n|\n|t:|1760346465\n|switch|p2a: Simipour-Prime|Simipour-Prime, M|54/100\n|turn|21\n|\n|t:|1760346469\n|switch|p1a: Primarina|Primarina, M|67/100 brn\n|move|p2a: Simipour-Prime|Scald|p1a: Primarina\n|-resisted|p1a: Primarina\n|-damage|p1a: Primarina|52/100 brn\n|\n|-heal|p1a: Primarina|58/100 brn|[from] item: Leftovers\n|-damage|p1a: Primarina|52/100 brn|[from] brn\n|upkeep\n|turn|22\n|\n|t:|1760346473\n|move|p2a: Simipour-Prime|Energy Ball|p1a: Primarina\n|-supereffective|p1a: Primarina\n|-damage|p1a: Primarina|1/100 brn\n|move|p1a: Primarina|Moonblast|p2a: Simipour-Prime\n|-damage|p2a: Simipour-Prime|22/100\n|\n|-heal|p1a: Primarina|7/100 brn|[from] item: Leftovers\n|-damage|p1a: Primarina|1/100 brn|[from] brn\n|upkeep\n|turn|23\n|\n|t:|1760346481\n|move|p2a: Simipour-Prime|Ice Beam|p1a: Primarina\n|-resisted|p1a: Primarina\n|-damage|p1a: Primarina|0 fnt\n|faint|p1a: Primarina\n|\n|upkeep\n|\n|t:|1760346483\n|switch|p1a: Venusaur|Venusaur-Mega, M|75/100\n|turn|24\n|\n|t:|1760346504\n|move|p2a: Simipour-Prime|Ice Beam|p1a: Venusaur\n|-supereffective|p1a: Venusaur\n|-damage|p1a: Venusaur|50/100\n|move|p1a: Venusaur|Sludge Bomb|p2a: Simipour-Prime\n|-damage|p2a: Simipour-Prime|0 fnt\n|faint|p2a: Simipour-Prime\n|\n|upkeep\n|\n|t:|1760346509\n|switch|p2a: Regigigas-Prime|Regigigas-Prime|48/100\n|turn|25\n|\n|t:|1760346513\n|switch|p1a: Avalugg|Avalugg, M|95/100\n|move|p2a: Regigigas-Prime|Return|p1a: Avalugg\n|-damage|p1a: Avalugg|67/100\n|\n|upkeep\n|turn|26\n|\n|t:|1760346520\n|move|p2a: Regigigas-Prime|Recover|p2a: Regigigas-Prime\n|-heal|p2a: Regigigas-Prime|98/100\n|move|p1a: Avalugg|Body Press|p2a: Regigigas-Prime\n|-supereffective|p2a: Regigigas-Prime\n|-damage|p2a: Regigigas-Prime|43/100\n|\n|upkeep\n|turn|27\n|\n|t:|1760346534\n|move|p2a: Regigigas-Prime|Recover|p2a: Regigigas-Prime\n|-heal|p2a: Regigigas-Prime|94/100\n|move|p1a: Avalugg|Body Press|p2a: Regigigas-Prime\n|-supereffective|p2a: Regigigas-Prime\n|-damage|p2a: Regigigas-Prime|39/100\n|\n|upkeep\n|turn|28\n|\n|t:|1760346542\n|move|p2a: Regigigas-Prime|Recover|p2a: Regigigas-Prime\n|-heal|p2a: Regigigas-Prime|89/100\n|move|p1a: Avalugg|Body Press|p2a: Regigigas-Prime\n|-supereffective|p2a: Regigigas-Prime\n|-damage|p2a: Regigigas-Prime|38/100\n|\n|upkeep\n|turn|29\n|\n|t:|1760346553\n|move|p2a: Regigigas-Prime|Recover|p2a: Regigigas-Prime\n|-heal|p2a: Regigigas-Prime|88/100\n|move|p1a: Avalugg|Body Press|p2a: Regigigas-Prime\n|-supereffective|p2a: Regigigas-Prime\n|-damage|p2a: Regigigas-Prime|37/100\n|\n|upkeep\n|turn|30\n|\n|t:|1760346560\n|move|p2a: Regigigas-Prime|Recover|p2a: Regigigas-Prime\n|-heal|p2a: Regigigas-Prime|87/100\n|move|p1a: Avalugg|Body Press|p2a: Regigigas-Prime\n|-supereffective|p2a: Regigigas-Prime\n|-damage|p2a: Regigigas-Prime|28/100\n|\n|upkeep\n|turn|31\n|\n|t:|1760346567\n|switch|p2a: Corviknight|Corviknight, M|30/100\n|-ability|p2a: Corviknight|Pressure\n|move|p1a: Avalugg|Body Press|p2a: Corviknight\n|-damage|p2a: Corviknight|0 fnt\n|faint|p2a: Corviknight\n|\n|upkeep\n|\n|t:|1760346574\n|switch|p2a: Regigigas-Prime|Regigigas-Prime|28/100\n|turn|32\n|\n|t:|1760346578\n|move|p2a: Regigigas-Prime|Recover|p2a: Regigigas-Prime\n|-heal|p2a: Regigigas-Prime|78/100\n|move|p1a: Avalugg|Body Press|p2a: Regigigas-Prime\n|-supereffective|p2a: Regigigas-Prime\n|-damage|p2a: Regigigas-Prime|21/100\n|\n|upkeep\n|turn|33\n|\n|t:|1760346585\n|move|p2a: Regigigas-Prime|Return|p1a: Avalugg\n|-damage|p1a: Avalugg|34/100\n|move|p1a: Avalugg|Body Press|p2a: Regigigas-Prime\n|-supereffective|p2a: Regigigas-Prime\n|-damage|p2a: Regigigas-Prime|0 fnt\n|faint|p2a: Regigigas-Prime\n|\n|win|Kjflame013\n|c|☆caeriselene|gg\n|c|☆Kjflame013|gg\n|c|☆caeriselene|should have brought dp\n|l|☆Kjflame013\n|player|p1|\n","players":["Kjflame013","caeriselene"],"format":"[Gen 9] NatDex Draft","rating":null,"private":0,"password":null,"inputlog":">version c5f06566d1a0a24bc6fa6bc2146fd951ef712f76\n>start {\"formatid\":\"gen9natdexdraft@@@Tera Type Preview\",\"seed\":\"sodium,1c921e23d1ccc9471b2d5e3f16a2b42e\"}\n>player p1 {\"name\":\"Kjflame013\",\"avatar\":\"265\",\"team\":\"Jolteon-Prime||ThroatSpray|Transistor|ShadowBall,Discharge,Boomburst,CalmMind|Timid|,,,252,4,252|M|,0,,,,|||,,,,,Electric]Corviknight-Prime||Leftovers|IronBarbs|BraveBird,BulkUp,BehemothBash,BodyPress|Adamant|,252,4,,252,|F||||,,,,,Flying]Urshifu||ChoiceScarf|UnseenFist|WickedBlow,CloseCombat,PoisonJab,Uturn|Adamant|,252,,,4,252|F||||,,,,,Poison]Avalugg||HeavyDutyBoots|Sturdy|RapidSpin,Avalanche,BodyPress,Recover|Impish|252,4,252,,,|M||||,,,,,Fighting]Primarina||Leftovers|Torrent|FlipTurn,Moonblast,IceBeam,Scald|Bold|248,,252,8,,|M||||,,,,,Water]Venusaur||Venusaurite|Overgrow|EarthPower,SludgeBomb,Synthesis,HiddenPowerFire|Modest|236,,144,128,,|M|,0,,,,|||,Fire,,,,Grass\",\"rating\":0}\n>player p2 {\"name\":\"caeriselene\",\"avatar\":\"1\",\"team\":\"Regigigas-Prime||ProtectivePads|Scrappy|HeatCrash,IcePunch,Recover,Return|Adamant|,252,,,8,248|N||||,,,,,Normal]Flygon||AssaultVest|Levitate|DracoMeteor,Earthquake,Uturn,VacuumWave|Lonely|252,144,88,,24,|F||||,,,,,Ground]Simipour-Prime||AssaultVest|SapSipper|KnockOff,IceBeam,EnergyBall,Scald|Hasty|,4,,252,,252|M||||,,,,,Water]Dhelmise||ChoiceBand|Steelworker|AnchorShot,Switcheroo,Poltergeist,PowerWhip|Adamant|248,252,,,8,|N||||,,,,,Ghost]Corviknight||Leftovers|Pressure|Uturn,Roost,BraveBird,Taunt|Careful|248,8,,,252,|M||||,,,,,Flying]Blaziken||Leftovers|SpeedBoost|TeraBlast,Overheat,Uturn,WillOWisp|Rash|12,140,,104,,252|M||||,,,,,Fairy\",\"rating\":0}\n>chat ☆Kjflame013|Glhf\n>chat ☆caeriselene|goodluck have fun\n>chat ☆caeriselene|you too\n>p1 team 3, 2, 1, 4, 5, 6\n>p2 team 4, 2, 3, 1, 5, 6\n>p1 move wickedblow\n>p2 switch 6\n>p1 switch 5\n>p2 move willowisp terastallize\n>p1 move flipturn\n>p2 move uturn\n>p2 switch 6\n>p1 switch 5\n>p1 move wickedblow\n>p2 move powerwhip\n>p2 switch 6\n>p1 switch 5\n>p2 move willowisp\n>p1 move flipturn\n>p2 move uturn\n>p2 switch 3\n>p1 switch 3\n>p1 move calmmind\n>p2 switch 2\n>p1 move boomburst\n>p2 move earthquake\n>chat ☆Kjflame013|Thought it do more\n>chat ☆Kjflame013|I’m tired\n>chat ☆Kjflame013|lol\n>chat ☆caeriselene|yea happens lol\n>p1 switch 3\n>p1 move flipturn\n>p2 move uturn\n>p2 switch 2\n>p1 switch 6\n>p1 move sludgebomb mega\n>p2 move icebeam\n>p1 move sludgebomb\n>p2 switch 5\n>p1 switch 2\n>p2 move taunt\n>p1 move bodypress\n>p2 move uturn\n>p2 switch 3\n>p1 move behemothbash\n>p2 move overheat\n>p2 switch 4\n>p1 move bodypress\n>p2 move heatcrash\n>p1 switch 5\n>p1 move closecombat terastallize\n>p2 move return\n>p1 switch 6\n>chat ☆caeriselene|that is insane\n>p1 move flipturn\n>p2 move recover\n>p1 switch 4\n>p1 move bodypress\n>p2 switch 3\n>p1 move bodypress\n>p2 move roost\n>p1 move bodypress\n>p2 move uturn\n>p2 switch 2\n>p2 switch 5\n>p1 switch 4\n>p2 move scald\n>p1 move moonblast\n>p2 move energyball\n>p1 move flipturn\n>p2 move icebeam\n>p1 switch 2\n>p1 move sludgebomb\n>p2 move icebeam\n>p2 switch 3\n>p1 switch 4\n>p2 move return\n>p1 move bodypress\n>p2 move recover\n>p1 move bodypress\n>p2 move recover\n>p1 move bodypress\n>p2 move recover\n>p1 move bodypress\n>p2 move recover\n>p1 move bodypress\n>p2 move recover\n>p1 move bodypress\n>p2 switch 2\n>p2 switch 2\n>p1 move bodypress\n>p2 move recover\n>p1 move bodypress\n>p2 move return","uploadtime":1760346622}