{"id":"gen9natdexdraft-100","log":"|j|☆liviifailure\n|j|☆DogeTheNoob\n|t:|1760897932\n|gametype|singles\n|player|p1|liviifailure|iris-gen5bw2|\n|player|p2|DogeTheNoob|2|\n|gen|9\n|tier|[Gen 9] NatDex Draft\n|rule|Tera Type Preview: Tera Types are shown at Team Preview\n|rule|Sleep Clause Mod: Limit one foe put to sleep\n|rule|OHKO Clause: OHKO moves are banned\n|rule|Evasion Clause: Evasion abilities, items, and moves are banned\n|rule|Evasion Abilities Clause: Evasion abilities are banned\n|rule|Evasion Items Clause: Evasion items are banned\n|rule|Evasion Moves Clause: Evasion moves are banned\n|rule|Endless Battle Clause: Forcing endless battles is banned\n|rule|HP Percentage Mod: HP is shown in percentages\n|raw|<div class=\"infobox\"><details class=\"readmore\" open><summary><strong>1 custom rule:</strong></summary> tera type preview</details></div>\n|clearpoke\n|poke|p1|Howling Flare, M|\n|poke|p1|Palossand, M|\n|poke|p1|Keldeo-Resolute|\n|poke|p1|Wigglytough, F|\n|poke|p1|Chi-Yu|\n|poke|p1|Grafaiai, F|\n|poke|p2|Abyluxneon, M|\n|poke|p2|Torkoal, F|\n|poke|p2|Gouging Fire|\n|poke|p2|Razor Spine, F|\n|poke|p2|Sandy Shocks|\n|poke|p2|Mandibuzz, F|\n|raw|liviifailure's Tera Types:<br /><psicon pokemon=\"howlingflare\" /><psicon type=\"Stellar\" /> / <psicon pokemon=\"palossand\" /><psicon type=\"Stellar\" /> / <psicon pokemon=\"keldeoresolute\" /><psicon type=\"Stellar\" /> / <psicon pokemon=\"wigglytough\" /><psicon type=\"Stellar\" /> / <psicon pokemon=\"chiyu\" /><psicon type=\"Stellar\" /> / <psicon pokemon=\"grafaiai\" /><psicon type=\"Stellar\" />\n|raw|DogeTheNoob's Tera Types:<br /><psicon pokemon=\"abyluxneon\" /><psicon type=\"Water\" /> / <psicon pokemon=\"torkoal\" /><psicon type=\"Fire\" /> / <psicon pokemon=\"gougingfire\" /><psicon type=\"Fire\" /> / <psicon pokemon=\"razorspine\" /><psicon type=\"Steel\" /> / <psicon pokemon=\"sandyshocks\" /><psicon type=\"Electric\" /> / <psicon pokemon=\"mandibuzz\" /><psicon type=\"Dark\" />\n|teampreview\n|c|☆liviifailure|glhf\n|c|☆DogeTheNoob|u2\n|j| The_Shawdoin\n|c|☆DogeTheNoob|hi shaw\n|\n|t:|1760897983\n|teamsize|p1|6\n|teamsize|p2|6\n|start\n|switch|p1a: Palossand|Palossand, M|100/100\n|switch|p2a: Torkoal|Torkoal, F|100/100\n|-weather|SunnyDay|[from] ability: Drought|[of] p2a: Torkoal\n|turn|1\n|\n|t:|1760897991\n|switch|p2a: Mandibuzz|Mandibuzz, F|100/100\n|move|p1a: Palossand|Earth Power|p2a: Mandibuzz\n|-immune|p2a: Mandibuzz\n|\n|-weather|SunnyDay|[upkeep]\n|upkeep\n|turn|2\n|\n|t:|1760898002\n|switch|p1a: Keldeo|Keldeo-Resolute|100/100\n|move|p2a: Mandibuzz|Toxic|p1a: Keldeo\n|-status|p1a: Keldeo|tox\n|\n|-weather|SunnyDay|[upkeep]\n|-damage|p1a: Keldeo|94/100 tox|[from] psn\n|upkeep\n|turn|3\n|\n|t:|1760898013\n|switch|p2a: Abyluxneon|Abyluxneon, M|100/100\n|move|p1a: Keldeo|Secret Sword|p2a: Abyluxneon\n|-resisted|p2a: Abyluxneon\n|-damage|p2a: Abyluxneon|68/100\n|\n|-weather|SunnyDay|[upkeep]\n|-heal|p2a: Abyluxneon|74/100|[from] item: Leftovers\n|-damage|p1a: Keldeo|82/100 tox|[from] psn\n|upkeep\n|turn|4\n|\n|t:|1760898021\n|switch|p1a: Howling Flare|Howling Flare, M|100/100\n|-activate|p1a: Howling Flare|ability: Protosynthesis\n|-start|p1a: Howling Flare|protosynthesisspe\n|move|p2a: Abyluxneon|Flip Turn|p1a: Howling Flare\n|-resisted|p1a: Howling Flare\n|-damage|p1a: Howling Flare|96/100\n|c| The_Shawdoin|Hi doge\n|c| The_Shawdoin|hosting a modded among us lobby atm\n|\n|t:|1760898036\n|switch|p2a: Gouging Fire|Gouging Fire|100/100|[from] Flip Turn\n|-activate|p2a: Gouging Fire|ability: Protosynthesis\n|-start|p2a: Gouging Fire|protosynthesisspd\n|\n|-weather|SunnyDay|[upkeep]\n|upkeep\n|turn|5\n|\n|t:|1760898052\n|-end|p1a: Howling Flare|Protosynthesis|[silent]\n|switch|p1a: Keldeo|Keldeo-Resolute|82/100 tox\n|move|p2a: Gouging Fire|Heat Crash|p1a: Keldeo\n|-resisted|p1a: Keldeo\n|-damage|p1a: Keldeo|42/100 tox\n|\n|-weather|SunnyDay|[upkeep]\n|-damage|p1a: Keldeo|36/100 tox|[from] psn\n|upkeep\n|turn|6\n|\n|t:|1760898077\n|-end|p2a: Gouging Fire|Protosynthesis|[silent]\n|switch|p2a: Abyluxneon|Abyluxneon, M|74/100\n|move|p1a: Keldeo|Flip Turn|p2a: Abyluxneon\n|-ability|p2a: Abyluxneon|Storm Drain|boost\n|-boost|p2a: Abyluxneon|spa|1\n|\n|-weather|SunnyDay|[upkeep]\n|-heal|p2a: Abyluxneon|80/100|[from] item: Leftovers\n|-damage|p1a: Keldeo|23/100 tox|[from] psn\n|upkeep\n|turn|7\n|\n|t:|1760898096\n|switch|p1a: Palossand|Palossand, M|100/100\n|move|p2a: Abyluxneon|Flip Turn|p1a: Palossand\n|-supereffective|p1a: Palossand\n|-damage|p1a: Palossand|89/100\n|-ability|p1a: Palossand|Water Compaction|boost\n|-boost|p1a: Palossand|def|2\n|\n|t:|1760898106\n|switch|p2a: Mandibuzz|Mandibuzz, F|100/100|[from] Flip Turn\n|\n|-weather|SunnyDay|[upkeep]\n|upkeep\n|turn|8\n|\n|t:|1760898113\n|move|p2a: Mandibuzz|Toxic|p1a: Palossand|[miss]\n|-miss|p2a: Mandibuzz|p1a: Palossand\n|move|p1a: Palossand|Stealth Rock|p2a: Mandibuzz\n|-sidestart|p2: DogeTheNoob|move: Stealth Rock\n|\n|-weather|none\n|upkeep\n|turn|9\n|\n|t:|1760898118\n|switch|p1a: Keldeo|Keldeo-Resolute|23/100 tox\n|move|p2a: Mandibuzz|Toxic|p1a: Keldeo\n|-fail|p1a: Keldeo|tox\n|\n|-damage|p1a: Keldeo|17/100 tox|[from] psn\n|upkeep\n|turn|10\n|\n|t:|1760898128\n|move|p1a: Keldeo|Secret Sword|p2a: Mandibuzz\n|-damage|p2a: Mandibuzz|63/100\n|move|p2a: Mandibuzz|Roost|p2a: Mandibuzz\n|-heal|p2a: Mandibuzz|100/100\n|-singleturn|p2a: Mandibuzz|move: Roost\n|\n|-damage|p1a: Keldeo|4/100 tox|[from] psn\n|upkeep\n|turn|11\n|\n|t:|1760898148\n|switch|p1a: Wigglytuff|Wigglytough, F|100/100\n|move|p2a: Mandibuzz|U-turn|p1a: Wigglytuff\n|-resisted|p1a: Wigglytuff\n|-damage|p1a: Wigglytuff|95/100\n|-enditem|p1a: Wigglytuff|Red Card|[of] p2a: Mandibuzz\n|drag|p2a: Sandy Shocks|Sandy Shocks|100/100\n|-damage|p2a: Sandy Shocks|94/100|[from] Stealth Rock\n|\n|upkeep\n|turn|12\n|\n|t:|1760898157\n|move|p2a: Sandy Shocks|Volt Switch|p1a: Wigglytuff\n|-damage|p1a: Wigglytuff|67/100\n|-damage|p2a: Sandy Shocks|84/100|[from] item: Life Orb\n|\n|t:|1760898164\n|-end|p2a: Sandy Shocks|Protosynthesis|[silent]\n|switch|p2a: Torkoal|Torkoal, F|100/100|[from] Volt Switch\n|-damage|p2a: Torkoal|76/100|[from] Stealth Rock\n|-weather|SunnyDay|[from] ability: Drought|[of] p2a: Torkoal\n|move|p1a: Wigglytuff|Moonblast|p2a: Torkoal\n|-resisted|p2a: Torkoal\n|-damage|p2a: Torkoal|56/100\n|\n|-weather|SunnyDay|[upkeep]\n|upkeep\n|turn|13\n|\n|t:|1760898170\n|switch|p1a: Keldeo|Keldeo-Resolute|4/100 tox\n|move|p2a: Torkoal|Rapid Spin|p1a: Keldeo\n|-damage|p1a: Keldeo|0 fnt\n|-boost|p2a: Torkoal|spe|1\n|-sideend|p2: DogeTheNoob|Stealth Rock|[from] move: Rapid Spin|[of] p2a: Torkoal\n|faint|p1a: Keldeo\n|\n|-weather|SunnyDay|[upkeep]\n|upkeep\n|\n|t:|1760898175\n|switch|p1a: Palossand|Palossand, M|89/100\n|turn|14\n|\n|t:|1760898193\n|switch|p2a: Mandibuzz|Mandibuzz, F|100/100\n|move|p1a: Palossand|Stealth Rock|p2a: Mandibuzz\n|-sidestart|p2: DogeTheNoob|move: Stealth Rock\n|\n|-weather|SunnyDay|[upkeep]\n|upkeep\n|turn|15\n|\n|t:|1760898198\n|switch|p1a: Wigglytuff|Wigglytough, F|67/100\n|move|p2a: Mandibuzz|Toxic|p1a: Wigglytuff\n|-status|p1a: Wigglytuff|tox\n|\n|-weather|SunnyDay|[upkeep]\n|-damage|p1a: Wigglytuff|61/100 tox|[from] psn\n|upkeep\n|turn|16\n|\n|t:|1760898205\n|move|p2a: Mandibuzz|U-turn|p1a: Wigglytuff\n|-resisted|p1a: Wigglytuff\n|-damage|p1a: Wigglytuff|55/100 tox\n|\n|t:|1760898210\n|switch|p2a: Torkoal|Torkoal, F|56/100|[from] U-turn\n|-damage|p2a: Torkoal|32/100|[from] Stealth Rock\n|move|p1a: Wigglytuff|Soft-Boiled|p1a: Wigglytuff\n|-heal|p1a: Wigglytuff|100/100 tox\n|\n|-weather|SunnyDay|[upkeep]\n|-damage|p1a: Wigglytuff|88/100 tox|[from] psn\n|upkeep\n|turn|17\n|\n|t:|1760898216\n|move|p2a: Torkoal|Rapid Spin|p1a: Wigglytuff\n|-damage|p1a: Wigglytuff|79/100 tox\n|-boost|p2a: Torkoal|spe|1\n|-sideend|p2: DogeTheNoob|Stealth Rock|[from] move: Rapid Spin|[of] p2a: Torkoal\n|move|p1a: Wigglytuff|Teleport|p1a: Wigglytuff\n|\n|t:|1760898219\n|-curestatus|p1a: Wigglytuff|tox|[from] ability: Natural Cure\n|switch|p1a: Howling Flare|Howling Flare, M|96/100|[from] Teleport\n|-activate|p1a: Howling Flare|ability: Protosynthesis\n|-start|p1a: Howling Flare|protosynthesisspe\n|\n|-weather|SunnyDay|[upkeep]\n|upkeep\n|turn|18\n|\n|t:|1760898223\n|switch|p2a: Mandibuzz|Mandibuzz, F|100/100\n|move|p1a: Howling Flare|Shadow Claw|p2a: Mandibuzz\n|-resisted|p2a: Mandibuzz\n|-damage|p2a: Mandibuzz|91/100\n|\n|-weather|SunnyDay|[upkeep]\n|upkeep\n|turn|19\n|\n|t:|1760898233\n|-end|p1a: Howling Flare|Protosynthesis|[silent]\n|switch|p1a: Grafaiai|Grafaiai, F|100/100\n|move|p2a: Mandibuzz|Foul Play|p1a: Grafaiai\n|-damage|p1a: Grafaiai|30/100\n|\n|-weather|none\n|upkeep\n|turn|20\n|\n|t:|1760898242\n|move|p1a: Grafaiai|Protect|p1a: Grafaiai\n|-singleturn|p1a: Grafaiai|Protect\n|move|p2a: Mandibuzz|Foul Play|p1a: Grafaiai\n|-activate|p1a: Grafaiai|move: Protect\n|\n|upkeep\n|turn|21\n|\n|t:|1760898258\n|move|p1a: Grafaiai|Endure|p1a: Grafaiai\n|-singleturn|p1a: Grafaiai|move: Endure\n|move|p2a: Mandibuzz|Foul Play|p1a: Grafaiai\n|-activate|p1a: Grafaiai|move: Endure\n|-damage|p1a: Grafaiai|1/100\n|-enditem|p1a: Grafaiai|Liechi Berry|[eat]\n|-boost|p1a: Grafaiai|atk|1|[from] item: Liechi Berry\n|\n|upkeep\n|turn|22\n|\n|t:|1760898268\n|move|p1a: Grafaiai|Facade|p2a: Mandibuzz\n|-damage|p2a: Mandibuzz|64/100\n|move|p2a: Mandibuzz|U-turn|p1a: Grafaiai\n|-resisted|p1a: Grafaiai\n|-damage|p1a: Grafaiai|0 fnt\n|faint|p1a: Grafaiai\n|\n|t:|1760898275\n|switch|p2a: Torkoal|Torkoal, F|32/100|[from] U-turn\n|-weather|SunnyDay|[from] ability: Drought|[of] p2a: Torkoal\n|\n|-weather|SunnyDay|[upkeep]\n|upkeep\n|\n|t:|1760898281\n|switch|p1a: Palossand|Palossand, M|89/100\n|turn|23\n|\n|t:|1760898307\n|switch|p2a: Mandibuzz|Mandibuzz, F|64/100\n|move|p1a: Palossand|Stealth Rock|p2a: Mandibuzz\n|-sidestart|p2: DogeTheNoob|move: Stealth Rock\n|\n|-weather|SunnyDay|[upkeep]\n|upkeep\n|turn|24\n|\n|t:|1760898312\n|switch|p1a: Wigglytuff|Wigglytough, F|79/100\n|move|p2a: Mandibuzz|Toxic|p1a: Wigglytuff\n|-status|p1a: Wigglytuff|tox\n|\n|-weather|SunnyDay|[upkeep]\n|-damage|p1a: Wigglytuff|72/100 tox|[from] psn\n|upkeep\n|turn|25\n|\n|t:|1760898319\n|move|p2a: Mandibuzz|U-turn|p1a: Wigglytuff\n|-resisted|p1a: Wigglytuff\n|-damage|p1a: Wigglytuff|67/100 tox\n|\n|t:|1760898323\n|switch|p2a: Razor Spine|Razor Spine, F|100/100|[from] U-turn\n|-damage|p2a: Razor Spine|94/100|[from] Stealth Rock\n|-activate|p2a: Razor Spine|ability: Protosynthesis\n|-start|p2a: Razor Spine|protosynthesisspe\n|move|p1a: Wigglytuff|Moonblast|p2a: Razor Spine\n|-resisted|p2a: Razor Spine\n|-damage|p2a: Razor Spine|69/100\n|\n|-weather|SunnyDay|[upkeep]\n|-damage|p1a: Wigglytuff|54/100 tox|[from] psn\n|upkeep\n|turn|26\n|\n|t:|1760898329\n|move|p2a: Razor Spine|Meteor Mash|p1a: Wigglytuff\n|-supereffective|p1a: Wigglytuff\n|-damage|p1a: Wigglytuff|0 fnt\n|faint|p1a: Wigglytuff\n|\n|-weather|SunnyDay|[upkeep]\n|upkeep\n|\n|t:|1760898333\n|switch|p1a: Chi-Yu|Chi-Yu|100/100\n|-ability|p1a: Chi-Yu|Beads of Ruin\n|turn|27\n|\n|t:|1760898338\n|move|p2a: Razor Spine|Close Combat|p1a: Chi-Yu\n|-supereffective|p1a: Chi-Yu\n|-damage|p1a: Chi-Yu|0 fnt\n|-unboost|p2a: Razor Spine|def|1\n|-unboost|p2a: Razor Spine|spd|1\n|faint|p1a: Chi-Yu\n|\n|-weather|SunnyDay|[upkeep]\n|upkeep\n|\n|t:|1760898348\n|switch|p1a: Howling Flare|Howling Flare, M|96/100\n|-activate|p1a: Howling Flare|ability: Protosynthesis\n|-start|p1a: Howling Flare|protosynthesisspe\n|turn|28\n|\n|t:|1760898352\n|-end|p2a: Razor Spine|Protosynthesis|[silent]\n|switch|p2a: Mandibuzz|Mandibuzz, F|64/100\n|move|p1a: Howling Flare|Shadow Claw|p2a: Mandibuzz\n|-resisted|p2a: Mandibuzz\n|-damage|p2a: Mandibuzz|55/100\n|\n|-weather|SunnyDay|[upkeep]\n|upkeep\n|turn|29\n|\n|t:|1760898362\n|move|p1a: Howling Flare|Leaf Blade|p2a: Mandibuzz\n|-resisted|p2a: Mandibuzz\n|-damage|p2a: Mandibuzz|41/100\n|move|p2a: Mandibuzz|Foul Play|p1a: Howling Flare\n|-supereffective|p1a: Howling Flare\n|-damage|p1a: Howling Flare|0 fnt\n|faint|p1a: Howling Flare\n|-end|p1a: Howling Flare|Protosynthesis|[silent]\n|\n|-weather|none\n|upkeep\n|\n|t:|1760898367\n|switch|p1a: Palossand|Palossand, M|89/100\n|turn|30\n|\n|t:|1760898371\n|move|p2a: Mandibuzz|Toxic|p1a: Palossand\n|-status|p1a: Palossand|tox\n|move|p1a: Palossand|Shadow Ball|p2a: Mandibuzz\n|-resisted|p2a: Mandibuzz\n|-damage|p2a: Mandibuzz|27/100\n|\n|-damage|p1a: Palossand|83/100 tox|[from] psn\n|upkeep\n|turn|31\n|\n|t:|1760898373\n|move|p2a: Mandibuzz|Roost|p2a: Mandibuzz\n|-heal|p2a: Mandibuzz|77/100\n|-singleturn|p2a: Mandibuzz|move: Roost\n|move|p1a: Palossand|Shadow Ball|p2a: Mandibuzz\n|-resisted|p2a: Mandibuzz\n|-damage|p2a: Mandibuzz|62/100\n|\n|-damage|p1a: Palossand|70/100 tox|[from] psn\n|upkeep\n|turn|32\n|\n|t:|1760898376\n|move|p2a: Mandibuzz|Foul Play|p1a: Palossand\n|-supereffective|p1a: Palossand\n|-crit|p1a: Palossand\n|-damage|p1a: Palossand|25/100 tox\n|move|p1a: Palossand|Earth Power|p2a: Mandibuzz\n|-immune|p2a: Mandibuzz\n|\n|-damage|p1a: Palossand|7/100 tox|[from] psn\n|upkeep\n|turn|33\n|-enditem|p1a: Palossand|Custap Berry|[eat]\n|-activate|p1a: Palossand|item: Custap Berry|[consumed]\n|\n|t:|1760898379\n|move|p1a: Palossand|Earth Power|p2a: Mandibuzz\n|-immune|p2a: Mandibuzz\n|move|p2a: Mandibuzz|Foul Play|p1a: Palossand\n|-supereffective|p1a: Palossand\n|-damage|p1a: Palossand|0 fnt\n|faint|p1a: Palossand\n|\n|win|DogeTheNoob\n|c|☆DogeTheNoob|ggs\n|c|☆liviifailure|gg\n|l|☆liviifailure\n|player|p1|\n","players":["liviifailure","DogeTheNoob"],"format":"[Gen 9] NatDex Draft","rating":null,"private":0,"password":null,"inputlog":">version 266cd7969f11373d44307dd452d2e51e08c39070\n>start {\"formatid\":\"gen9natdexdraft@@@tera type preview\",\"seed\":\"sodium,4b1416c7232116d8ad9b77bf9b2469ca\"}\n>player p1 {\"name\":\"liviifailure\",\"avatar\":\"iris-gen5bw2\",\"team\":\"Howling Flare||KasibBerry|Protosynthesis|ShadowClaw,LeafBlade,BeakBlast,Roost|Jolly|64,252,,,,192|M||||,,,,,Stellar]Palossand||CustapBerry|WaterCompaction|EarthPower,ShadowBall,ShoreUp,StealthRock|Modest|248,,8,252,,|M|,0,,,,|||,,,,,Stellar]Keldeo|KeldeoResolute|ChoiceSpecs|Justified|SecretSword,VacuumWave,HydroPump,FlipTurn|Timid|56,,,252,,200|N||||,,,,,Stellar]Wigglytuff|Wigglytough|RedCard|NaturalCure|Teleport,SoftBoiled,Moonblast,Flamethrower|Calm|248,,,8,252,|F|,0,,,,|||,,,,,Stellar]Chi-Yu||ChoiceScarf|BeadsofRuin|Overheat,DarkPulse,Flamethrower,Hex|Timid|72,,,252,,184|N|,0,,,,|||,,,,,Stellar]Grafaiai||LiechiBerry|Unburden|Endure,Protect,Facade,KnockOff|Jolly|4,252,,,,252|F||||,,,,,Stellar\",\"rating\":0}\n>player p2 {\"name\":\"DogeTheNoob\",\"avatar\":\"2\",\"team\":\"Abyluxneon||Leftovers|StormDrain|FlipTurn,AlluringVoice,Scald,Moonlight|Calm|248,,92,,168,|M||||,,,,,Water]Torkoal||HeatRock|Drought|StealthRock,RapidSpin,LavaPlume,SolarBeam|Bold|248,,64,,196,|F||||,,,,,Fire]Gouging Fire||Leftovers|Protosynthesis|MorningSun,HeatCrash,Earthquake,DragonDance|Careful|192,20,,,180,116|N||||,Fighting,,,,Fire]Razor Spine||FocusSash|Protosynthesis|ShadowClaw,MeteorMash,CloseCombat,SwordsDance|Jolly|,252,,,4,252|F||||,,,,,Steel]Sandy Shocks||LifeOrb|Protosynthesis|EarthPower,VoltSwitch,Thunderbolt,Spikes|Timid|48,,,208,,252|N|,0,,,,|||,,,,,Electric]Mandibuzz||HeavyDutyBoots|BigPecks|Roost,FoulPlay,Uturn,Toxic|Impish|248,,168,,92,|F||||,,,,,Dark\",\"rating\":0}\n>chat ☆liviifailure|glhf\n>chat ☆DogeTheNoob|u2\n>chat ☆DogeTheNoob|hi shaw\n>p1 team 2, 1, 3, 4, 5, 6\n>p2 team 2, 1, 3, 4, 5, 6\n>p1 move earthpower\n>p2 switch 6\n>p1 switch 3\n>p2 move toxic\n>p1 move secretsword\n>p2 switch 2\n>p1 switch 2\n>p2 move flipturn\n>chat  The_Shawdoin|Hi doge\n>chat  The_Shawdoin|hosting a modded among us lobby atm\n>p2 switch 3\n>p1 switch 2\n>p2 move heatcrash\n>p1 move flipturn\n>p2 switch 3\n>p1 switch 3\n>p2 move flipturn\n>p2 switch 2\n>p1 move stealthrock\n>p2 move toxic\n>p1 switch 3\n>p2 move toxic\n>p1 move secretsword\n>p2 move roost\n>p1 switch 4\n>p2 move uturn\n>p1 move moonblast\n>p2 move voltswitch\n>p2 switch 6\n>p1 switch 4\n>p2 move rapidspin\n>p1 switch 3\n>p1 move stealthrock\n>p2 switch 5\n>p1 switch 4\n>p2 move toxic\n>p1 move softboiled\n>p2 move uturn\n>p2 switch 5\n>p1 move teleport\n>p2 move rapidspin\n>p1 switch 2\n>p1 move shadowclaw\n>p2 switch 5\n>p1 switch 6\n>p2 move foulplay\n>p1 move protect\n>p2 move foulplay\n>p1 move endure\n>p2 move foulplay\n>p1 move facade\n>p2 move uturn\n>p2 switch 5\n>p1 switch 4\n>p1 move stealthrock\n>p2 switch 5\n>p1 switch 2\n>p2 move toxic\n>p1 move moonblast\n>p2 move uturn\n>p2 switch 4\n>p1 move flamethrower\n>p2 move meteormash\n>p1 switch 5\n>p1 move flamethrower\n>p2 move closecombat\n>p1 switch 6\n>p1 move shadowclaw\n>p2 switch 4\n>p1 move leafblade\n>p2 move foulplay\n>p1 switch 2\n>p1 move shadowball\n>p2 move toxic\n>p1 move shadowball\n>p2 move roost\n>p1 move earthpower\n>p2 move foulplay\n>p1 move earthpower\n>p2 move foulplay","uploadtime":1760898418}