{"id":"gen9natdexdraft-111","log":"|j|☆fiendishzealot\n|j|☆MegaIdot\n|t:|1761144830\n|gametype|singles\n|player|p1|fiendishzealot|266|\n|player|p2|MegaIdot|2|\n|gen|9\n|tier|[Gen 9] NatDex Draft\n|rule|Tera Type Preview: Tera Types are shown at Team Preview\n|rule|Sleep Clause Mod: Limit one foe put to sleep\n|rule|OHKO Clause: OHKO moves are banned\n|rule|Evasion Clause: Evasion abilities, items, and moves are banned\n|rule|Evasion Abilities Clause: Evasion abilities are banned\n|rule|Evasion Items Clause: Evasion items are banned\n|rule|Evasion Moves Clause: Evasion moves are banned\n|rule|Endless Battle Clause: Forcing endless battles is banned\n|rule|HP Percentage Mod: HP is shown in percentages\n|raw|<div class=\"infobox\"><details class=\"readmore\" open><summary><strong>1 custom rule:</strong></summary> Tera Type Preview</details></div>\n|clearpoke\n|poke|p1|Queendra, F|\n|poke|p1|Celesteela|\n|poke|p1|Eelektross-Hell, F|\n|poke|p1|Sneasler, M|\n|poke|p1|Tapu Fini|\n|poke|p1|Ogerpon-Wellspring, F|\n|poke|p2|Ceruledge, F|\n|poke|p2|Ferrothorn, M|\n|poke|p2|Hydrapple, M|\n|poke|p2|Palafin, M|\n|poke|p2|Gliscor, F|\n|poke|p2|Darkrai|\n|raw|fiendishzealot's Tera Types:<br /><psicon pokemon=\"queendra\" /><psicon type=\"Ice\" /> / <psicon pokemon=\"celesteela\" /><psicon type=\"Flying\" /> / <psicon pokemon=\"eelektrosshell\" /><psicon type=\"Fire\" /> / <psicon pokemon=\"sneasler\" /><psicon type=\"Fighting\" /> / <psicon pokemon=\"tapufini\" /><psicon type=\"Water\" /> / <psicon pokemon=\"ogerponwellspring\" /><psicon type=\"Water\" />\n|raw|MegaIdot's Tera Types:<br /><psicon pokemon=\"ceruledge\" /><psicon type=\"Fire\" /> / <psicon pokemon=\"ferrothorn\" /><psicon type=\"Grass\" /> / <psicon pokemon=\"hydrapple\" /><psicon type=\"Poison\" /> / <psicon pokemon=\"palafin\" /><psicon type=\"Water\" /> / <psicon pokemon=\"gliscor\" /><psicon type=\"Normal\" /> / <psicon pokemon=\"darkrai\" /><psicon type=\"Dark\" />\n|teampreview\n|c|☆MegaIdot|Let's gooo\n|c|☆MegaIdot|I'm ready to lose\n|c|☆MegaIdot|Hfhf\n|c|☆fiendishzealot|same XD\n|c|☆fiendishzealot|glhf\n|\n|t:|1761144871\n|teamsize|p1|6\n|teamsize|p2|6\n|start\n|switch|p1a: Under the Sea|Tapu Fini|100/100\n|switch|p2a: Ferrothorn|Ferrothorn, M|100/100\n|-fieldstart|move: Misty Terrain|[from] ability: Misty Surge|[of] p1a: Under the Sea\n|turn|1\n|\n|t:|1761144879\n|move|p1a: Under the Sea|Substitute|p1a: Under the Sea\n|-start|p1a: Under the Sea|Substitute\n|-damage|p1a: Under the Sea|75/100\n|move|p2a: Ferrothorn|Stealth Rock|p1a: Under the Sea\n|-sidestart|p1: fiendishzealot|move: Stealth Rock\n|\n|-heal|p1a: Under the Sea|82/100|[from] item: Leftovers\n|upkeep\n|turn|2\n|\n|t:|1761144885\n|switch|p2a: Hydrapple|Hydrapple, M|100/100\n|move|p1a: Under the Sea|Calm Mind|p1a: Under the Sea\n|-boost|p1a: Under the Sea|spa|1\n|-boost|p1a: Under the Sea|spd|1\n|\n|-heal|p1a: Under the Sea|88/100|[from] item: Leftovers\n|upkeep\n|turn|3\n|\n|t:|1761144903\n|-terastallize|p2a: Hydrapple|Poison\n|move|p1a: Under the Sea|Moonblast|p2a: Hydrapple\n|-resisted|p2a: Hydrapple\n|-damage|p2a: Hydrapple|78/100\n|move|p2a: Hydrapple|Nasty Plot|p2a: Hydrapple\n|-boost|p2a: Hydrapple|spa|2\n|\n|-heal|p1a: Under the Sea|94/100|[from] item: Leftovers\n|-heal|p2a: Hydrapple|85/100|[from] item: Leftovers\n|upkeep\n|turn|4\n|\n|t:|1761144923\n|move|p1a: Under the Sea|Calm Mind|p1a: Under the Sea\n|-boost|p1a: Under the Sea|spa|1\n|-boost|p1a: Under the Sea|spd|1\n|move|p2a: Hydrapple|Giga Drain|p1a: Under the Sea\n|-supereffective|p1a: Under the Sea\n|-end|p1a: Under the Sea|Substitute\n|-heal|p2a: Hydrapple|95/100|[from] drain|[of] p1a: Under the Sea\n|\n|-heal|p1a: Under the Sea|99/100|[from] item: Leftovers\n|-heal|p2a: Hydrapple|100/100|[from] item: Leftovers\n|upkeep\n|turn|5\n|\n|t:|1761144934\n|switch|p1a: Decepticon|Celesteela|100/100\n|-damage|p1a: Decepticon|88/100|[from] Stealth Rock\n|move|p2a: Hydrapple|Giga Drain|p1a: Decepticon\n|-resisted|p1a: Decepticon\n|-damage|p1a: Decepticon|72/100\n|\n|-heal|p1a: Decepticon|78/100|[from] item: Leftovers\n|-fieldend|Misty Terrain\n|upkeep\n|turn|6\n|\n|t:|1761144945\n|switch|p2a: Gliscor|Gliscor, F|100/100\n|move|p1a: Decepticon|Air Slash|p2a: Gliscor\n|-damage|p2a: Gliscor|57/100\n|\n|-heal|p1a: Decepticon|84/100|[from] item: Leftovers\n|-status|p2a: Gliscor|tox|[from] item: Toxic Orb\n|upkeep\n|turn|7\n|\n|t:|1761144969\n|move|p2a: Gliscor|Knock Off|p1a: Decepticon\n|-damage|p1a: Decepticon|64/100\n|-enditem|p1a: Decepticon|Leftovers|[from] move: Knock Off|[of] p2a: Gliscor\n|move|p1a: Decepticon|Autotomize|p1a: Decepticon\n|-boost|p1a: Decepticon|spe|2\n|-start|p1a: Decepticon|Autotomize\n|\n|-heal|p2a: Gliscor|70/100 tox|[from] ability: Poison Heal\n|upkeep\n|turn|8\n|\n|t:|1761144979\n|switch|p2a: Ferrothorn|Ferrothorn, M|100/100\n|move|p1a: Decepticon|Air Slash|p2a: Ferrothorn\n|-damage|p2a: Ferrothorn|80/100\n|\n|upkeep\n|turn|9\n|\n|t:|1761144984\n|move|p1a: Decepticon|Flamethrower|p2a: Ferrothorn\n|-supereffective|p2a: Ferrothorn\n|-damage|p2a: Ferrothorn|4/100\n|move|p2a: Ferrothorn|Thunder Wave|p1a: Decepticon\n|-status|p1a: Decepticon|par\n|\n|upkeep\n|turn|10\n|\n|t:|1761144993\n|move|p1a: Decepticon|Air Slash|p2a: Ferrothorn|[miss]\n|-miss|p1a: Decepticon|p2a: Ferrothorn\n|move|p2a: Ferrothorn|Leech Seed|p1a: Decepticon\n|-start|p1a: Decepticon|move: Leech Seed\n|\n|-damage|p1a: Decepticon|52/100 par|[from] Leech Seed|[of] p2a: Ferrothorn\n|-heal|p2a: Ferrothorn|18/100|[silent]\n|upkeep\n|turn|11\n|\n|t:|1761145000\n|switch|p2a: Darkrai|Darkrai|100/100\n|move|p1a: Decepticon|Flamethrower|p2a: Darkrai\n|-damage|p2a: Darkrai|67/100\n|\n|-damage|p1a: Decepticon|40/100 par|[from] Leech Seed|[of] p2a: Darkrai\n|-heal|p2a: Darkrai|83/100|[silent]\n|upkeep\n|turn|12\n|\n|t:|1761145009\n|switch|p1a: Under the Sea|Tapu Fini|99/100\n|-damage|p1a: Under the Sea|87/100|[from] Stealth Rock\n|-fieldstart|move: Misty Terrain|[from] ability: Misty Surge|[of] p1a: Under the Sea\n|move|p2a: Darkrai|Nasty Plot|p2a: Darkrai\n|-boost|p2a: Darkrai|spa|2\n|\n|-heal|p1a: Under the Sea|94/100|[from] item: Leftovers\n|upkeep\n|turn|13\n|\n|t:|1761145020\n|move|p2a: Darkrai|Thunderbolt|p1a: Under the Sea\n|-supereffective|p1a: Under the Sea\n|-damage|p1a: Under the Sea|0 fnt\n|faint|p1a: Under the Sea\n|-damage|p2a: Darkrai|73/100|[from] item: Life Orb\n|\n|upkeep\n|\n|t:|1761145027\n|switch|p1a: Power Plant|Eelektross-Hell, F|100/100\n|-damage|p1a: Power Plant|88/100|[from] Stealth Rock\n|turn|14\n|\n|t:|1761145032\n|move|p2a: Darkrai|Dark Pulse|p1a: Power Plant\n|-resisted|p1a: Power Plant\n|-damage|p1a: Power Plant|38/100\n|-damage|p2a: Darkrai|63/100|[from] item: Life Orb\n|move|p1a: Power Plant|Gunk Shot|p2a: Darkrai\n|-damage|p2a: Darkrai|1/100\n|\n|-heal|p1a: Power Plant|44/100|[from] item: Leftovers\n|upkeep\n|turn|15\n|\n|t:|1761145045\n|switch|p1a: Decepticon|Celesteela|40/100 par\n|-damage|p1a: Decepticon|27/100 par|[from] Stealth Rock\n|move|p2a: Darkrai|Dark Pulse|p1a: Decepticon\n|-damage|p1a: Decepticon|0 fnt\n|faint|p1a: Decepticon\n|-damage|p2a: Darkrai|0 fnt|[from] item: Life Orb\n|faint|p2a: Darkrai\n|\n|upkeep\n|\n|t:|1761145070\n|switch|p2a: Palafin|Palafin, M|100/100\n|switch|p1a: Florence|Ogerpon-Wellspring, F|100/100\n|-damage|p1a: Florence|88/100|[from] Stealth Rock\n|turn|16\n|\n|t:|1761145086\n|detailschange|p2a: Palafin|Palafin-Hero, M\n|switch|p2a: Ferrothorn|Ferrothorn, M|18/100\n|move|p1a: Florence|Swords Dance|p1a: Florence\n|-boost|p1a: Florence|atk|2\n|\n|-fieldend|Misty Terrain\n|upkeep\n|turn|17\n|\n|t:|1761145092\n|move|p1a: Florence|Low Kick|p2a: Ferrothorn\n|-supereffective|p2a: Ferrothorn\n|-enditem|p2a: Ferrothorn|Chople Berry|[eat]\n|-enditem|p2a: Ferrothorn|Chople Berry|[weaken]\n|-damage|p2a: Ferrothorn|0 fnt\n|-damage|p1a: Florence|76/100|[from] ability: Iron Barbs|[of] p2a: Ferrothorn\n|faint|p2a: Ferrothorn\n|\n|upkeep\n|c|☆MegaIdot|Ah it's game\n|\n|t:|1761145110\n|switch|p2a: Ceruledge|Ceruledge, F, shiny|100/100\n|turn|18\n|\n|t:|1761145115\n|detailschange|p2a: Ceruledge|Ceruledge-Mega, F, shiny\n|-mega|p2a: Ceruledge|Ceruledge|Ceruledgite\n|move|p2a: Ceruledge|Poltergeist|p1a: Florence\n|-activate|p1a: Florence|move: Poltergeist|Wellspring Mask\n|-damage|p1a: Florence|25/100\n|move|p1a: Florence|Ivy Cudgel|p2a: Ceruledge|[anim] Ivy Cudgel Water\n|-supereffective|p2a: Ceruledge\n|-damage|p2a: Ceruledge|0 fnt\n|faint|p2a: Ceruledge\n|detailschange|p2: Ceruledge|Ceruledge, F, shiny|[silent]\n|\n|upkeep\n|\n|t:|1761145123\n|switch|p2a: Hydrapple|Hydrapple, M, tera:Poison|100/100\n|turn|19\n|\n|t:|1761145144\n|move|p1a: Florence|Ivy Cudgel|p2a: Hydrapple|[anim] Ivy Cudgel Water\n|-damage|p2a: Hydrapple|8/100\n|move|p2a: Hydrapple|Giga Drain|p1a: Florence\n|-damage|p1a: Florence|0 fnt\n|-heal|p2a: Hydrapple|18/100|[from] drain|[of] p1a: Florence\n|faint|p1a: Florence\n|\n|-heal|p2a: Hydrapple|24/100|[from] item: Leftovers\n|upkeep\n|\n|t:|1761145163\n|switch|p1a: Obelisk|Queendra, F|100/100\n|-damage|p1a: Obelisk|76/100|[from] Stealth Rock\n|turn|20\n|\n|t:|1761145169\n|switch|p2a: Gliscor|Gliscor, F|70/100 tox\n|detailschange|p1a: Obelisk|Queendra-Mega, F\n|-mega|p1a: Obelisk|Queendra|Queendrite\n|move|p1a: Obelisk|Freeze-Dry|p2a: Gliscor\n|-supereffective|p2a: Gliscor\n|-damage|p2a: Gliscor|0 fnt\n|faint|p2a: Gliscor\n|\n|upkeep\n|\n|t:|1761145176\n|switch|p2a: Hydrapple|Hydrapple, M, tera:Poison|57/100\n|turn|21\n|\n|t:|1761145189\n|move|p1a: Obelisk|Freeze-Dry|p2a: Hydrapple\n|-damage|p2a: Hydrapple|21/100\n|move|p2a: Hydrapple|Fickle Beam|p1a: Obelisk\n|-supereffective|p1a: Obelisk\n|-damage|p1a: Obelisk|0 fnt\n|faint|p1a: Obelisk\n|detailschange|p1: Obelisk|Queendra, F|[silent]\n|\n|-heal|p2a: Hydrapple|27/100|[from] item: Leftovers\n|upkeep\n|\n|t:|1761145199\n|switch|p1a: Power Plant|Eelektross-Hell, F|44/100\n|-damage|p1a: Power Plant|31/100|[from] Stealth Rock\n|turn|22\n|\n|t:|1761145210\n|move|p1a: Power Plant|Knock Off|p2a: Hydrapple\n|-damage|p2a: Hydrapple|0 fnt\n|-enditem|p2a: Hydrapple|Leftovers|[from] move: Knock Off|[of] p1a: Power Plant\n|faint|p2a: Hydrapple\n|\n|-heal|p1a: Power Plant|38/100|[from] item: Leftovers\n|upkeep\n|\n|t:|1761145212\n|switch|p2a: Palafin|Palafin-Hero, M|100/100\n|-activate|p2a: Palafin|ability: Zero to Hero\n|turn|23\n|\n|t:|1761145220\n|move|p2a: Palafin|Bulk Up|p2a: Palafin\n|-boost|p2a: Palafin|atk|1\n|-boost|p2a: Palafin|def|1\n|move|p1a: Power Plant|Gunk Shot|p2a: Palafin\n|-damage|p2a: Palafin|69/100\n|\n|-heal|p2a: Palafin|75/100|[from] item: Leftovers\n|-heal|p1a: Power Plant|44/100|[from] item: Leftovers\n|upkeep\n|turn|24\n|\n|t:|1761145228\n|move|p2a: Palafin|Jet Punch|p1a: Power Plant\n|-damage|p1a: Power Plant|0 fnt\n|faint|p1a: Power Plant\n|\n|-heal|p2a: Palafin|81/100|[from] item: Leftovers\n|upkeep\n|c|☆fiendishzealot|ggs\n|\n|t:|1761145233\n|switch|p1a: Drip|Sneasler, M|100/100\n|-damage|p1a: Drip|94/100|[from] Stealth Rock\n|turn|25\n|\n|t:|1761145241\n|move|p2a: Palafin|Jet Punch|p1a: Drip\n|-damage|p1a: Drip|1/100\n|move|p1a: Drip|Counter|p2a: Palafin\n|-damage|p2a: Palafin|0 fnt\n|faint|p2a: Palafin\n|\n|win|fiendishzealot\n|c|☆fiendishzealot|oh\n|c|☆MegaIdot|Bruh\n|c|☆fiendishzealot|oh damn\n|c|☆MegaIdot|Was that a role?\n|c|☆fiendishzealot|probably?\n|c|☆fiendishzealot|only 44hp evs\n|l|☆MegaIdot\n|player|p2|\n|c|☆fiendishzealot|not sure what roll tho\n","players":["fiendishzealot","MegaIdot"],"format":"[Gen 9] NatDex Draft","rating":null,"private":0,"password":null,"inputlog":">version f5040886e674df30a81d8aa6703a640b23e7a073\n>start {\"formatid\":\"gen9natdexdraft@@@Tera Type Preview\",\"seed\":\"sodium,8d2129b83253f8150cb46b520c15ed97\"}\n>player p1 {\"name\":\"fiendishzealot\",\"avatar\":\"266\",\"team\":\"Obelisk|Queendra|Queendrite|SlushRush|DragonDance,HiddenPowerFire,FreezeDry,FlashCannon|Timid|200,,,252,,56|F|,0,,,,|||,Fire,,,,Ice]Decepticon|Celesteela|Leftovers|BeastBoost|Flamethrower,AirSlash,GigaDrain,Autotomize|Timid|188,,,252,,68|N|,0,,,,|||,,,,,Flying]Power Plant|EelektrossHell|Leftovers|Levitate|KnockOff,ToxicSpikes,Coil,GunkShot|Impish|172,,84,,252,|F||||,,,,,Fire]Drip|Sneasler|ShucaBerry|Unburden|Counter,Acrobatics,DireClaw,LowKick|Adamant|44,252,,,164,48|M||||,,,,,Fighting]Under the Sea|TapuFini|Leftovers|MistySurge|Moonblast,CalmMind,HiddenPowerFire,Substitute|Timid|252,,200,,,56|N|,0,,,,|||,Fire,,,,Water]Florence|OgerponWellspring|WellspringMask|WaterAbsorb|IvyCudgel,LowKick,PlayRough,SwordsDance|Jolly|80,252,,,,176|F||||,Poison,,,,Water\",\"rating\":0}\n>player p2 {\"name\":\"MegaIdot\",\"avatar\":\"2\",\"team\":\"Ceruledge||Ceruledgite|WeakArmor|SwordsDance,BitterBlade,CloseCombat,Poltergeist|Jolly|,252,,,4,252|F||S||,,,,,Fire]Ferrothorn||ChopleBerry|IronBarbs|LeechSeed,ThunderWave,PowerWhip,StealthRock|Careful|248,,8,,252,|M||||,,,,,Grass]Hydrapple||Leftovers|Regenerator|NastyPlot,FickleBeam,TeraBlast,GigaDrain|Modest|252,,,252,4,|M||||,,,,,Poison]Palafin||Leftovers|ZerotoHero|CloseCombat,FlipTurn,JetPunch,BulkUp|Adamant|,252,,,4,252|M||||,,,,,Water]Gliscor||ToxicOrb|PoisonHeal|Earthquake,Toxic,KnockOff,Defog|Impish|252,,184,,,72|F||||,,,,,Normal]Darkrai||LifeOrb|BadDreams|NastyPlot,DarkPulse,Thunderbolt,IceBeam|Timid|,,,252,4,252|N|,0,,,,|||,,,,,Dark\",\"rating\":0}\n>chat ☆MegaIdot|Let's gooo\n>chat ☆MegaIdot|I'm ready to lose\n>chat ☆MegaIdot|Hfhf\n>chat ☆fiendishzealot|same XD\n>chat ☆fiendishzealot|glhf\n>p1 team 5, 2, 3, 4, 1, 6\n>p2 team 2, 1, 3, 4, 5, 6\n>p1 move substitute\n>p2 move stealthrock\n>p1 move calmmind\n>p2 switch 3\n>p1 move moonblast\n>p2 move nastyplot terastallize\n>p1 move calmmind\n>p2 move gigadrain\n>p1 switch 2\n>p2 move gigadrain\n>p1 move airslash\n>p2 switch 5\n>p1 move autotomize\n>p2 move knockoff\n>p1 move airslash\n>p2 switch 3\n>p1 move flamethrower\n>p2 move thunderwave\n>p1 move airslash\n>p2 move leechseed\n>p1 move flamethrower\n>p2 switch 6\n>p1 switch 2\n>p2 move nastyplot\n>p1 move moonblast\n>p2 move thunderbolt\n>p1 switch 3\n>p1 move gunkshot\n>p2 move darkpulse\n>p1 switch 2\n>p2 move darkpulse\n>p1 switch 6\n>p2 switch 4\n>p1 move swordsdance\n>p2 switch 6\n>p1 move lowkick\n>p2 move thunderwave\n>chat ☆MegaIdot|Ah it's game\n>p2 switch 2\n>p1 move ivycudgel\n>p2 move poltergeist mega\n>p2 switch 5\n>p1 move ivycudgel\n>p2 move gigadrain\n>p1 switch 5\n>p1 move freezedry mega\n>p2 switch 3\n>p2 switch 3\n>p1 move freezedry\n>p2 move ficklebeam\n>p1 switch 2\n>p1 move knockoff\n>p2 move ficklebeam\n>p2 switch 6\n>p1 move gunkshot\n>p2 move bulkup\n>p1 move gunkshot\n>p2 move jetpunch\n>chat ☆fiendishzealot|ggs\n>p1 switch 4\n>p1 move counter\n>p2 move jetpunch","uploadtime":1761145932}