{"id":"gen9natdexdraft-191","log":"|j|☆sunshine mafia\n|j|☆Rena475\n|t:|1766029060\n|gametype|singles\n|player|p1|sunshine mafia|102|\n|player|p2|Rena475|candice|\n|gen|9\n|tier|[Gen 9] NatDex Draft\n|rule|Sleep Clause Mod: Limit one foe put to sleep\n|rule|OHKO Clause: OHKO moves are banned\n|rule|Evasion Clause: Evasion abilities, items, and moves are banned\n|rule|Evasion Abilities Clause: Evasion abilities are banned\n|rule|Evasion Items Clause: Evasion items are banned\n|rule|Evasion Moves Clause: Evasion moves are banned\n|rule|Endless Battle Clause: Forcing endless battles is banned\n|rule|HP Percentage Mod: HP is shown in percentages\n|clearpoke\n|poke|p1|Dragalge, M|\n|poke|p1|Ogerpon-Cornerstone, F|\n|poke|p1|Copperajah, M|\n|poke|p1|Granbull, F|\n|poke|p1|Froslass, F|\n|poke|p1|Zapdos|\n|poke|p2|Skarmory, F|\n|poke|p2|Iron Bundle|\n|poke|p2|Rotom-Heat|\n|poke|p2|Mienshao, F|\n|poke|p2|Qwilfish-Hisui, F|\n|poke|p2|Garchomp, M|\n|teampreview\n|c|☆Rena475|glhf friend :)\n|c|☆sunshine mafia|u2\n|j| Bigg Lad\n|j| AeroXI\n|\n|t:|1766029135\n|teamsize|p1|6\n|teamsize|p2|6\n|start\n|switch|p1a: skaði|Froslass, F|100/100\n|switch|p2a: Skarmory|Skarmory, F|100/100\n|turn|1\n|c| Bigg Lad|big fan of cornerpon\n|\n|t:|1766029150\n|detailschange|p1a: skaði|Froslass-Mega-ZA, F\n|-mega|p1a: skaði|Froslass|FroslassiteZA\n|-weather|Snowscape|[from] ability: Snow Warning|[of] p1a: skaði\n|detailschange|p2a: Skarmory|Skarmory-Mega-ZA, F\n|-mega|p2a: Skarmory|Skarmory|SkarmoriteZA\n|move|p1a: skaði|Blizzard|p2a: Skarmory\n|-crit|p2a: Skarmory\n|-damage|p2a: Skarmory|0 fnt\n|faint|p2a: Skarmory\n|detailschange|p2: Skarmory|Skarmory, F|[silent]\n|\n|-weather|Snowscape|[upkeep]\n|upkeep\n|l|☆sunshine mafia\n|player|p1|\n|\n|t:|1766029178\n|switch|p2a: Percival|Rotom-Heat|100/100\n|turn|2\n|j| umbreoffxd\n|l| Bigg Lad\n|c| AeroXI|uhhh\n|c| AeroXI|so he left the game\n|c|☆Rena475|erm\n|j|☆sunshine mafia\n|player|p1|sunshine mafia|102|\n|c| AeroXI|ah there he is\n|c|☆sunshine mafia|randomly dc'd haha\n|c| AeroXI|ur good\n|\n|t:|1766029383\n|switch|p1a: achlys nova|Dragalge, M|100/100\n|move|p2a: Percival|Volt Switch|p1a: achlys nova\n|-resisted|p1a: achlys nova\n|-damage|p1a: achlys nova|89/100\n|\n|t:|1766029395\n|switch|p2a: Vasaraga|Garchomp, M|100/100|[from] Volt Switch\n|\n|-weather|Snowscape|[upkeep]\n|upkeep\n|turn|3\n|\n|t:|1766029400\n|switch|p1a: salimata|Granbull, F|100/100\n|-ability|p1a: salimata|Intimidate|boost\n|-unboost|p2a: Vasaraga|atk|1\n|-item|p1a: salimata|Air Balloon\n|move|p2a: Vasaraga|Earthquake|p1a: salimata\n|-immune|p1a: salimata\n|\n|-weather|Snowscape|[upkeep]\n|upkeep\n|turn|4\n|\n|t:|1766029464\n|move|p2a: Vasaraga|Stealth Rock|p1a: salimata\n|-sidestart|p1: sunshine mafia|move: Stealth Rock\n|move|p1a: salimata|Super Fang|p2a: Vasaraga\n|-damage|p2a: Vasaraga|50/100\n|-damage|p1a: salimata|88/100|[from] ability: Rough Skin|[of] p2a: Vasaraga\n|\n|-weather|Snowscape|[upkeep]\n|-heal|p2a: Vasaraga|57/100|[from] item: Leftovers\n|upkeep\n|turn|5\n|\n|t:|1766029482\n|switch|p2a: Nier|Qwilfish-Hisui, F|100/100\n|-ability|p2a: Nier|Intimidate|boost\n|-unboost|p1a: salimata|atk|1\n|move|p1a: salimata|Toxic|p2a: Nier\n|-immune|p2a: Nier\n|\n|-weather|none\n|upkeep\n|turn|6\n|\n|t:|1766029587\n|move|p2a: Nier|Spikes|p1a: salimata\n|-sidestart|p1: sunshine mafia|Spikes\n|move|p1a: salimata|Super Fang|p2a: Nier\n|-damage|p2a: Nier|50/100\n|\n|upkeep\n|turn|7\n|\n|t:|1766029614\n|move|p2a: Nier|Pain Split|p1a: salimata\n|-sethp|p1a: salimata|66/100|[from] move: Pain Split|[silent]\n|-sethp|p2a: Nier|76/100|[from] move: Pain Split\n|move|p1a: salimata|Super Fang|p2a: Nier\n|-damage|p2a: Nier|38/100\n|\n|upkeep\n|turn|8\n|\n|t:|1766029634\n|move|p2a: Nier|Barb Barrage|p1a: salimata\n|-supereffective|p1a: salimata\n|-damage|p1a: salimata|32/100\n|-status|p1a: salimata|psn\n|-enditem|p1a: salimata|Air Balloon\n|move|p1a: salimata|Super Fang|p2a: Nier\n|-damage|p2a: Nier|19/100\n|\n|-damage|p1a: salimata|19/100 psn|[from] psn\n|upkeep\n|turn|9\n|\n|t:|1766029645\n|move|p2a: Nier|Barb Barrage|p1a: salimata\n|-supereffective|p1a: salimata\n|-damage|p1a: salimata|0 fnt\n|faint|p1a: salimata\n|\n|upkeep\n|\n|t:|1766029661\n|switch|p1a: ishihime|Ogerpon-Cornerstone, F|100/100\n|-damage|p1a: ishihime|88/100|[from] Stealth Rock\n|-damage|p1a: ishihime|76/100|[from] Spikes\n|turn|10\n|\n|t:|1766029668\n|move|p1a: ishihime|Ivy Cudgel|p2a: Nier|[anim] Ivy Cudgel Rock\n|-damage|p2a: Nier|0 fnt\n|faint|p2a: Nier\n|\n|upkeep\n|\n|t:|1766029673\n|switch|p2a: Beatrix|Iron Bundle|100/100\n|turn|11\n|\n|t:|1766029735\n|switch|p1a: raj|Copperajah, M|100/100\n|-damage|p1a: raj|94/100|[from] Stealth Rock\n|-damage|p1a: raj|82/100|[from] Spikes\n|move|p2a: Beatrix|Ice Beam|p1a: raj\n|-resisted|p1a: raj\n|-damage|p1a: raj|65/100\n|\n|upkeep\n|turn|12\n|\n|t:|1766029745\n|-end|p2a: Beatrix|Quark Drive|[silent]\n|switch|p2a: Vasaraga|Garchomp, M|57/100\n|move|p1a: raj|Stone Edge|p2a: Vasaraga\n|-resisted|p2a: Vasaraga\n|-crit|p2a: Vasaraga\n|-damage|p2a: Vasaraga|40/100\n|\n|-heal|p2a: Vasaraga|46/100|[from] item: Leftovers\n|upkeep\n|turn|13\n|\n|t:|1766029905\n|move|p2a: Vasaraga|Earthquake|p1a: raj\n|-supereffective|p1a: raj\n|-damage|p1a: raj|0 fnt\n|faint|p1a: raj\n|\n|-heal|p2a: Vasaraga|53/100|[from] item: Leftovers\n|upkeep\n|\n|t:|1766029909\n|switch|p1a: skaði|Froslass-Mega-ZA, F|100/100\n|-damage|p1a: skaði|76/100|[from] Stealth Rock\n|-damage|p1a: skaði|63/100|[from] Spikes\n|-weather|Snowscape|[from] ability: Snow Warning|[of] p1a: skaði\n|turn|14\n|\n|t:|1766029917\n|switch|p2a: Percival|Rotom-Heat|100/100\n|move|p1a: skaði|Toxic|p2a: Percival\n|-status|p2a: Percival|tox\n|\n|-weather|Snowscape|[upkeep]\n|-damage|p2a: Percival|94/100 tox|[from] psn\n|upkeep\n|turn|15\n|\n|t:|1766029961\n|switch|p1a: achlys nova|Dragalge, M|89/100\n|-damage|p1a: achlys nova|77/100|[from] Stealth Rock\n|-damage|p1a: achlys nova|65/100|[from] Spikes\n|move|p2a: Percival|Volt Switch|p1a: achlys nova\n|-resisted|p1a: achlys nova\n|-damage|p1a: achlys nova|55/100\n|\n|t:|1766029970\n|switch|p2a: Beatrix|Iron Bundle|100/100|[from] Volt Switch\n|\n|-weather|Snowscape|[upkeep]\n|upkeep\n|turn|16\n|\n|t:|1766029983\n|move|p2a: Beatrix|Ice Beam|p1a: achlys nova\n|-supereffective|p1a: achlys nova\n|-enditem|p1a: achlys nova|Yache Berry|[eat]\n|-enditem|p1a: achlys nova|Yache Berry|[weaken]\n|-damage|p1a: achlys nova|0 fnt\n|faint|p1a: achlys nova\n|\n|-weather|Snowscape|[upkeep]\n|upkeep\n|\n|t:|1766029987\n|switch|p1a: skaði|Froslass-Mega-ZA, F|63/100\n|-damage|p1a: skaði|38/100|[from] Stealth Rock\n|-damage|p1a: skaði|26/100|[from] Spikes\n|turn|17\n|\n|t:|1766029997\n|move|p2a: Beatrix|Ice Beam|p1a: skaði\n|-resisted|p1a: skaði\n|-damage|p1a: skaði|0 fnt\n|faint|p1a: skaði\n|detailschange|p1: skaði|Froslass, F|[silent]\n|\n|-weather|Snowscape|[upkeep]\n|upkeep\n|c|☆sunshine mafia|ggwp\n|\n|t:|1766030013\n|switch|p1a: ra|Zapdos, shiny|100/100\n|turn|18\n|\n|t:|1766030016\n|move|p2a: Beatrix|Ice Beam|p1a: ra\n|-supereffective|p1a: ra\n|-damage|p1a: ra|0 fnt\n|faint|p1a: ra\n|\n|-weather|none\n|upkeep\n|\n|t:|1766030018\n|switch|p1a: ishihime|Ogerpon-Cornerstone, F|76/100\n|-damage|p1a: ishihime|64/100|[from] Stealth Rock\n|-damage|p1a: ishihime|51/100|[from] Spikes\n|turn|19\n|c|☆Rena475|gg\n|\n|t:|1766030028\n|move|p2a: Beatrix|Ice Beam|p1a: ishihime\n|-supereffective|p1a: ishihime\n|-damage|p1a: ishihime|0 fnt\n|faint|p1a: ishihime\n|\n|win|Rena475\n|l|☆sunshine mafia\n|player|p1|\n","players":["sunshine mafia","Rena475"],"format":"[Gen 9] NatDex Draft","rating":null,"private":0,"password":null,"inputlog":">version a2ec0c799a860c11f69fe9bab100ad86fb9dfb0a\n>start {\"formatid\":\"gen9natdexdraft\",\"seed\":\"sodium,319155fb94f90bea9dfb039819a0ca0d\"}\n>player p1 {\"name\":\"sunshine mafia\",\"avatar\":\"102\",\"team\":\"achlys nova|Dragalge|YacheBerry|Adaptability|Thunder,DragonPulse,SludgeBomb,FlipTurn|Quiet|248,,40,220,,|M|,,,,,0|||,,,,,Poison]ishihime|OgerponCornerstone|CornerstoneMask|Sturdy|IvyCudgel,PowerWhip,SwordsDance,Trailblaze|Jolly|64,252,,,,192|F||||,Poison,,,,Rock]raj|Copperajah|AssaultVest|HeavyMetal|HeavySlam,HeatCrash,PowerWhip,StoneEdge|Adamant|248,64,,,192,4|M||||,,,,,Steel]salimata|Granbull|AirBalloon|Intimidate|PlayRough,SuperFang,Toxic,Roar|Impish|248,40,116,,104,|F||||,,,,,Fairy]skaði|Froslass|FroslassiteZA|CursedBody|Hex,Thunderbolt,Blizzard,Toxic|Timid|80,,,252,,176|F|,0,,,,|||,,,,,Ice]ra|Zapdos|HeavyDutyBoots|Static|Uturn,Hurricane,Discharge,Roost|Bold|248,,252,,,8|N||S||,,,,,Electric\",\"rating\":0}\n>player p2 {\"name\":\"Rena475\",\"avatar\":\"candice\",\"team\":\"Skarmory||SkarmoriteZA|KeenEye|Toxic,BraveBird,DrillRun,Roost|Jolly|44,208,4,,,252|F||||,,,,,Steel]Beatrix|IronBundle|ChoiceSpecs|QuarkDrive|FlipTurn,IceBeam,HydroPump,FreezeDry|Timid|128,,,252,,128|N||||,,,,,Ice]Percival|RotomHeat|HeavyDutyBoots|Levitate|Toxic,VoltSwitch,Defog,Overheat|Calm|252,,,4,252,|N|,0,,,,|||,,,,,Electric]Vikala|Mienshao|ChoiceScarf|Regenerator|StoneEdge,CloseCombat,KnockOff,BatonPass|Jolly|32,252,,,8,216|F||||,,,,,Fighting]Nier|QwilfishHisui|Eviolite|Intimidate|Spikes,Crunch,BarbBarrage,PainSplit|Impish|252,4,252,,,|F||||,,,,,Dark]Vasaraga|Garchomp|Leftovers|RoughSkin|DragonTail,StoneEdge,Earthquake,StealthRock|Impish|252,40,216,,,|M||||,,,,,Dragon\",\"rating\":0}\n>chat ☆Rena475|glhf friend :)\n>chat ☆sunshine mafia|u2\n>p1 team 5, 2, 3, 4, 1, 6\n>p2 team 1, 2, 3, 4, 5, 6\n>chat  Bigg Lad|big fan of cornerpon\n>p1 move blizzard mega\n>p2 move toxic mega\n>p2 switch 3\n>chat  AeroXI|uhhh\n>chat  AeroXI|so he left the game\n>chat ☆Rena475|erm\n>chat  AeroXI|ah there he is\n>chat ☆sunshine mafia|randomly dc'd haha\n>chat  AeroXI|ur good\n>p1 switch 5\n>p2 move voltswitch\n>p2 switch 6\n>p1 switch 4\n>p2 move earthquake\n>p1 move superfang\n>p2 move stealthrock\n>p1 move toxic\n>p2 switch 5\n>p1 move superfang\n>p2 move spikes\n>p1 move superfang\n>p2 move painsplit\n>p1 move superfang\n>p2 move barbbarrage\n>p1 move toxic\n>p2 move barbbarrage\n>p1 switch 2\n>p1 move ivycudgel\n>p2 move barbbarrage\n>p2 switch 2\n>p1 switch 3\n>p2 move icebeam\n>p1 move stoneedge\n>p2 switch 5\n>p1 move heavyslam\n>p2 move earthquake\n>p1 switch 5\n>p1 move toxic\n>p2 switch 6\n>p1 switch 4\n>p2 move voltswitch\n>p2 switch 5\n>p1 move sludgebomb\n>p2 move icebeam\n>p1 switch 4\n>p1 move thunderbolt\n>p2 move icebeam\n>chat ☆sunshine mafia|ggwp\n>p1 switch 6\n>p1 move discharge\n>p2 move icebeam\n>p1 switch 3\n>chat ☆Rena475|gg\n>p1 move trailblaze\n>p2 move icebeam","uploadtime":1766030039}