{"id":"gen9natdexdraft-133","log":"|j|☆Misty Mead 2\n|j|☆bowser89\n|t:|1765551890\n|gametype|singles\n|player|p1|Misty Mead 2|265|\n|player|p2|bowser89|265|\n|gen|9\n|tier|[Gen 9] NatDex Draft\n|rule|Sleep Clause Mod: Limit one foe put to sleep\n|rule|OHKO Clause: OHKO moves are banned\n|rule|Evasion Clause: Evasion abilities, items, and moves are banned\n|rule|Evasion Abilities Clause: Evasion abilities are banned\n|rule|Evasion Items Clause: Evasion items are banned\n|rule|Evasion Moves Clause: Evasion moves are banned\n|rule|Endless Battle Clause: Forcing endless battles is banned\n|rule|HP Percentage Mod: HP is shown in percentages\n|clearpoke\n|poke|p1|Dragapult, F|\n|poke|p1|Tapu Lele|\n|poke|p1|Cinderace, M|\n|poke|p1|Rotom-Wash|\n|poke|p1|Qwilfish-Hisui, M|\n|poke|p1|Meganium, F|\n|poke|p2|Froslass, F|\n|poke|p2|Meowscarada, F|\n|poke|p2|Zapdos|\n|poke|p2|Arcanine, M|\n|poke|p2|Primarina, M|\n|poke|p2|Copperajah, F|\n|teampreview\n|c|☆bowser89|GL HF\n|c|☆Misty Mead 2|Tell me later if you can guess my nickname theme\n|c|☆Misty Mead 2|you too hf\n|\n|t:|1765551943\n|teamsize|p1|6\n|teamsize|p2|6\n|start\n|switch|p1a: Persephone|Dragapult, F|100/100\n|switch|p2a: Zapdos|Zapdos|100/100\n|turn|1\n|\n|t:|1765551995\n|switch|p1a: Yi Sunsin|Rotom-Wash|100/100\n|move|p2a: Zapdos|Hurricane|p1a: Yi Sunsin|[miss]\n|-miss|p2a: Zapdos|p1a: Yi Sunsin\n|\n|upkeep\n|turn|2\n|\n|t:|1765552001\n|move|p2a: Zapdos|U-turn|p1a: Yi Sunsin\n|-damage|p1a: Yi Sunsin|90/100\n|\n|t:|1765552005\n|switch|p2a: Copperajah|Copperajah, F|100/100|[from] U-turn\n|move|p1a: Yi Sunsin|Volt Switch|p2a: Copperajah\n|-damage|p2a: Copperajah|88/100\n|\n|t:|1765552024\n|switch|p1a: Surya|Cinderace, M|100/100|[from] Volt Switch\n|\n|upkeep\n|turn|3\n|\n|t:|1765552033\n|switch|p2a: Arcanine|Arcanine, M|100/100\n|-ability|p2a: Arcanine|Intimidate|boost\n|-unboost|p1a: Surya|atk|1\n|move|p1a: Surya|Pyro Ball|p2a: Arcanine\n|-resisted|p2a: Arcanine\n|-damage|p2a: Arcanine|81/100\n|\n|upkeep\n|turn|4\n|\n|t:|1765552051\n|move|p1a: Surya|Gunk Shot|p2a: Arcanine\n|-start|p1a: Surya|typechange|Poison|[from] ability: Libero\n|-damage|p2a: Arcanine|41/100\n|move|p2a: Arcanine|Teleport|p2a: Arcanine\n|\n|t:|1765552062\n|switch|p2a: Zapdos|Zapdos|100/100|[from] Teleport\n|\n|upkeep\n|turn|5\n|\n|t:|1765552077\n|switch|p1a: Yi Sunsin|Rotom-Wash|90/100\n|move|p2a: Zapdos|U-turn|p1a: Yi Sunsin\n|-damage|p1a: Yi Sunsin|79/100\n|\n|t:|1765552083\n|switch|p2a: Meowscarada|Meowscarada, F|100/100|[from] U-turn\n|\n|upkeep\n|turn|6\n|\n|t:|1765552123\n|switch|p1a: Abaddon|Qwilfish-Hisui, M|100/100\n|-ability|p1a: Abaddon|Intimidate|boost\n|-unboost|p2a: Meowscarada|atk|1\n|move|p2a: Meowscarada|Flower Trick|p1a: Abaddon\n|-start|p2a: Meowscarada|typechange|Grass|[from] ability: Protean\n|-resisted|p1a: Abaddon\n|-crit|p1a: Abaddon\n|-damage|p1a: Abaddon|81/100\n|\n|upkeep\n|turn|7\n|\n|t:|1765552167\n|switch|p2a: Zapdos|Zapdos|100/100\n|move|p1a: Abaddon|Pain Split|p2a: Zapdos\n|-sethp|p2a: Zapdos|86/100|[from] move: Pain Split|[silent]\n|-sethp|p1a: Abaddon|98/100|[from] move: Pain Split\n|\n|upkeep\n|turn|8\n|\n|t:|1765552177\n|move|p2a: Zapdos|Hurricane|p1a: Abaddon\n|-damage|p1a: Abaddon|67/100\n|move|p1a: Abaddon|Barb Barrage|p2a: Zapdos\n|-damage|p2a: Zapdos|69/100\n|\n|upkeep\n|turn|9\n|\n|t:|1765552193\n|switch|p1a: Yi Sunsin|Rotom-Wash|79/100\n|move|p2a: Zapdos|Hurricane|p1a: Yi Sunsin|[miss]\n|-miss|p2a: Zapdos|p1a: Yi Sunsin\n|\n|upkeep\n|turn|10\n|\n|t:|1765552199\n|move|p2a: Zapdos|Roost|p2a: Zapdos\n|-heal|p2a: Zapdos|100/100\n|-singleturn|p2a: Zapdos|move: Roost\n|move|p1a: Yi Sunsin|Volt Switch|p2a: Zapdos\n|-resisted|p2a: Zapdos\n|-damage|p2a: Zapdos|90/100\n|j| Riptide2604\n|\n|t:|1765552305\n|switch|p1a: Surya|Cinderace, M|100/100|[from] Volt Switch\n|\n|upkeep\n|turn|11\n|\n|t:|1765552310\n|move|p1a: Surya|Pyro Ball|p2a: Zapdos\n|-damage|p2a: Zapdos|43/100\n|move|p2a: Zapdos|U-turn|p1a: Surya\n|-resisted|p1a: Surya\n|-damage|p1a: Surya|91/100\n|\n|t:|1765552326\n|switch|p2a: Arcanine|Arcanine, M|41/100|[from] U-turn\n|-ability|p2a: Arcanine|Intimidate|boost\n|-unboost|p1a: Surya|atk|1\n|\n|upkeep\n|turn|12\n|\n|t:|1765552334\n|move|p1a: Surya|Gunk Shot|p2a: Arcanine\n|-start|p1a: Surya|typechange|Poison|[from] ability: Libero\n|-damage|p2a: Arcanine|2/100\n|move|p2a: Arcanine|Morning Sun|p2a: Arcanine\n|-heal|p2a: Arcanine|52/100\n|\n|upkeep\n|turn|13\n|\n|t:|1765552342\n|move|p1a: Surya|Gunk Shot|p2a: Arcanine|[miss]\n|-miss|p1a: Surya|p2a: Arcanine\n|move|p2a: Arcanine|Morning Sun|p2a: Arcanine\n|-heal|p2a: Arcanine|100/100\n|\n|upkeep\n|turn|14\n|\n|t:|1765552345\n|move|p1a: Surya|Gunk Shot|p2a: Arcanine\n|-damage|p2a: Arcanine|64/100\n|move|p2a: Arcanine|Flare Blitz|p1a: Surya\n|-damage|p1a: Surya|30/100\n|-damage|p2a: Arcanine|47/100|[from] Recoil\n|\n|upkeep\n|turn|15\n|c|☆Misty Mead 2|No poison after 30% is crazy\n|\n|t:|1765552380\n|move|p1a: Surya|Gunk Shot|p2a: Arcanine\n|-damage|p2a: Arcanine|8/100\n|move|p2a: Arcanine|Morning Sun|p2a: Arcanine\n|-heal|p2a: Arcanine|58/100\n|\n|upkeep\n|turn|16\n|\n|t:|1765552395\n|move|p1a: Surya|U-turn|p2a: Arcanine\n|-resisted|p2a: Arcanine\n|-damage|p2a: Arcanine|51/100\n|-damage|p1a: Surya|13/100|[from] item: Rocky Helmet|[of] p2a: Arcanine\n|\n|t:|1765552402\n|switch|p1a: Yi Sunsin|Rotom-Wash|79/100|[from] U-turn\n|move|p2a: Arcanine|Morning Sun|p2a: Arcanine\n|-heal|p2a: Arcanine|100/100\n|\n|upkeep\n|turn|17\n|\n|t:|1765552410\n|move|p2a: Arcanine|Toxic|p1a: Yi Sunsin\n|-status|p1a: Yi Sunsin|tox\n|move|p1a: Yi Sunsin|Volt Switch|p2a: Arcanine\n|-damage|p2a: Arcanine|82/100\n|\n|t:|1765552438\n|switch|p1a: Abaddon|Qwilfish-Hisui, M|67/100|[from] Volt Switch\n|-ability|p1a: Abaddon|Intimidate|boost\n|-unboost|p2a: Arcanine|atk|1\n|\n|upkeep\n|turn|18\n|\n|t:|1765552444\n|move|p2a: Arcanine|Flare Blitz|p1a: Abaddon\n|-damage|p1a: Abaddon|45/100\n|-status|p1a: Abaddon|brn\n|-damage|p2a: Arcanine|76/100|[from] Recoil\n|move|p1a: Abaddon|Spikes|p2a: Arcanine\n|-sidestart|p2: bowser89|Spikes\n|\n|-damage|p1a: Abaddon|39/100 brn|[from] brn\n|upkeep\n|turn|19\n|\n|t:|1765552451\n|move|p1a: Abaddon|Pain Split|p2a: Arcanine\n|-sethp|p2a: Arcanine|55/100|[from] move: Pain Split|[silent]\n|-sethp|p1a: Abaddon|63/100 brn|[from] move: Pain Split\n|move|p2a: Arcanine|Teleport|p2a: Arcanine\n|c|☆Misty Mead 2|And you get the one burn\n|c|☆Misty Mead 2|Okay I'm not complaining but its just amusing to me lol\n|\n|t:|1765552493\n|switch|p2a: Zapdos|Zapdos|43/100|[from] Teleport\n|\n|-damage|p1a: Abaddon|57/100 brn|[from] brn\n|upkeep\n|turn|20\n|\n|t:|1765552499\n|move|p2a: Zapdos|Roost|p2a: Zapdos\n|-heal|p2a: Zapdos|93/100\n|-singleturn|p2a: Zapdos|move: Roost\n|move|p1a: Abaddon|Barb Barrage|p2a: Zapdos\n|-damage|p2a: Zapdos|85/100\n|-status|p2a: Zapdos|psn\n|\n|-damage|p2a: Zapdos|73/100 psn|[from] psn\n|-damage|p1a: Abaddon|51/100 brn|[from] brn\n|upkeep\n|turn|21\n|\n|t:|1765552503\n|move|p2a: Zapdos|Hurricane|p1a: Abaddon\n|-damage|p1a: Abaddon|17/100 brn\n|move|p1a: Abaddon|Pain Split|p2a: Zapdos\n|-sethp|p2a: Zapdos|44/100 psn|[from] move: Pain Split|[silent]\n|-sethp|p1a: Abaddon|50/100 brn|[from] move: Pain Split\n|\n|-damage|p2a: Zapdos|31/100 psn|[from] psn\n|-damage|p1a: Abaddon|44/100 brn|[from] brn\n|upkeep\n|turn|22\n|\n|t:|1765552540\n|move|p2a: Zapdos|Hurricane|p1a: Abaddon|[miss]\n|-miss|p2a: Zapdos|p1a: Abaddon\n|move|p1a: Abaddon|Pain Split|p2a: Zapdos\n|-sethp|p2a: Zapdos|35/100 psn|[from] move: Pain Split|[silent]\n|-sethp|p1a: Abaddon|40/100 brn|[from] move: Pain Split\n|\n|-damage|p2a: Zapdos|22/100 psn|[from] psn\n|-damage|p1a: Abaddon|34/100 brn|[from] brn\n|upkeep\n|turn|23\n|\n|t:|1765552552\n|switch|p1a: Yi Sunsin|Rotom-Wash|79/100 tox\n|move|p2a: Zapdos|Roost|p2a: Zapdos\n|-heal|p2a: Zapdos|73/100 psn\n|-singleturn|p2a: Zapdos|move: Roost\n|\n|-damage|p2a: Zapdos|60/100 psn|[from] psn\n|-damage|p1a: Yi Sunsin|73/100 tox|[from] psn\n|upkeep\n|turn|24\n|\n|t:|1765552558\n|move|p2a: Zapdos|Roost|p2a: Zapdos\n|-heal|p2a: Zapdos|100/100 psn\n|-singleturn|p2a: Zapdos|move: Roost\n|move|p1a: Yi Sunsin|Volt Switch|p2a: Zapdos\n|-resisted|p2a: Zapdos\n|-damage|p2a: Zapdos|90/100 psn\n|\n|t:|1765552567\n|switch|p1a: Uriel|Tapu Lele|100/100|[from] Volt Switch\n|-fieldstart|move: Psychic Terrain|[from] ability: Psychic Surge|[of] p1a: Uriel\n|\n|-damage|p2a: Zapdos|78/100 psn|[from] psn\n|upkeep\n|turn|25\n|\n|t:|1765552582\n|move|p1a: Uriel|Psychic|p2a: Zapdos\n|-damage|p2a: Zapdos|32/100 psn\n|move|p2a: Zapdos|U-turn|p1a: Uriel\n|-damage|p1a: Uriel|81/100\n|\n|t:|1765552626\n|switch|p2a: Copperajah|Copperajah, F|88/100|[from] U-turn\n|-damage|p2a: Copperajah|76/100|[from] Spikes\n|\n|upkeep\n|turn|26\n|\n|t:|1765552682\n|switch|p1a: Yi Sunsin|Rotom-Wash|73/100 tox\n|move|p2a: Copperajah|Knock Off|p1a: Yi Sunsin\n|-damage|p1a: Yi Sunsin|50/100 tox\n|-enditem|p1a: Yi Sunsin|Sitrus Berry|[from] move: Knock Off|[of] p2a: Copperajah\n|\n|-damage|p1a: Yi Sunsin|44/100 tox|[from] psn\n|upkeep\n|turn|27\n|\n|t:|1765552698\n|move|p1a: Yi Sunsin|Rain Dance|p1a: Yi Sunsin\n|-weather|RainDance\n|move|p2a: Copperajah|Heavy Slam|p1a: Yi Sunsin\n|-resisted|p1a: Yi Sunsin\n|-damage|p1a: Yi Sunsin|34/100 tox\n|\n|-weather|RainDance|[upkeep]\n|-damage|p1a: Yi Sunsin|22/100 tox|[from] psn\n|upkeep\n|turn|28\n|\n|t:|1765552707\n|move|p1a: Yi Sunsin|Volt Switch|p2a: Copperajah\n|-damage|p2a: Copperajah|63/100\n|\n|t:|1765552725\n|switch|p1a: Abaddon|Qwilfish-Hisui, M|34/100 brn|[from] Volt Switch\n|-ability|p1a: Abaddon|Intimidate|boost\n|-unboost|p2a: Copperajah|atk|1\n|move|p2a: Copperajah|Knock Off|p1a: Abaddon\n|-resisted|p1a: Abaddon\n|-damage|p1a: Abaddon|27/100 brn\n|-enditem|p1a: Abaddon|Eviolite|[from] move: Knock Off|[of] p2a: Copperajah\n|\n|-weather|RainDance|[upkeep]\n|-damage|p1a: Abaddon|21/100 brn|[from] brn\n|-fieldend|move: Psychic Terrain\n|upkeep\n|turn|29\n|\n|t:|1765552733\n|move|p1a: Abaddon|Pain Split|p2a: Copperajah\n|-sethp|p2a: Copperajah|39/100|[from] move: Pain Split|[silent]\n|-sethp|p1a: Abaddon|53/100 brn|[from] move: Pain Split\n|move|p2a: Copperajah|Earthquake|p1a: Abaddon\n|-supereffective|p1a: Abaddon\n|-damage|p1a: Abaddon|2/100 brn\n|\n|-weather|RainDance|[upkeep]\n|-damage|p1a: Abaddon|0 fnt|[from] brn\n|faint|p1a: Abaddon\n|upkeep\n|\n|t:|1765552743\n|switch|p1a: Gabriel|Meganium, F|100/100\n|turn|30\n|\n|t:|1765552747\n|detailschange|p1a: Gabriel|Meganium-Mega-ZA, F\n|-mega|p1a: Gabriel|Meganium|MeganiumiteZA\n|move|p1a: Gabriel|Weather Ball|p2a: Copperajah\n|-damage|p2a: Copperajah|8/100\n|move|p2a: Copperajah|Heavy Slam|p1a: Gabriel\n|-supereffective|p1a: Gabriel\n|-damage|p1a: Gabriel|38/100\n|\n|-weather|RainDance|[upkeep]\n|upkeep\n|turn|31\n|\n|t:|1765552756\n|move|p1a: Gabriel|Giga Drain|p2a: Copperajah\n|-resisted|p2a: Copperajah\n|-damage|p2a: Copperajah|0 fnt\n|-heal|p1a: Gabriel|42/100|[from] drain|[of] p2a: Copperajah\n|faint|p2a: Copperajah\n|\n|-weather|none\n|upkeep\n|\n|t:|1765552793\n|switch|p2a: Froslass|Froslass, F|100/100\n|-damage|p2a: Froslass|88/100|[from] Spikes\n|turn|32\n|\n|t:|1765552836\n|switch|p1a: Yi Sunsin|Rotom-Wash|22/100 tox\n|detailschange|p2a: Froslass|Froslass-Mega-ZA, F\n|-mega|p2a: Froslass|Froslass|FroslassiteZA\n|-weather|Snowscape|[from] ability: Snow Warning|[of] p2a: Froslass\n|move|p2a: Froslass|Blizzard|p1a: Yi Sunsin\n|-resisted|p1a: Yi Sunsin\n|-damage|p1a: Yi Sunsin|0 fnt\n|faint|p1a: Yi Sunsin\n|\n|-weather|Snowscape|[upkeep]\n|upkeep\n|\n|t:|1765552841\n|switch|p1a: Persephone|Dragapult, F|100/100\n|turn|33\n|\n|t:|1765552861\n|switch|p2a: Zapdos|Zapdos|32/100 psn\n|move|p1a: Persephone|Shadow Ball|p2a: Zapdos\n|-damage|p2a: Zapdos|0 fnt\n|faint|p2a: Zapdos\n|-damage|p1a: Persephone|91/100|[from] item: Life Orb\n|\n|-weather|Snowscape|[upkeep]\n|upkeep\n|\n|t:|1765552868\n|switch|p2a: Meowscarada|Meowscarada, F|100/100\n|-damage|p2a: Meowscarada|88/100|[from] Spikes\n|turn|34\n|\n|t:|1765552872\n|switch|p1a: Surya|Cinderace, M|13/100\n|move|p2a: Meowscarada|Knock Off|p1a: Surya\n|-start|p2a: Meowscarada|typechange|Dark|[from] ability: Protean\n|-damage|p1a: Surya|0 fnt\n|-enditem|p1a: Surya|Heavy-Duty Boots|[from] move: Knock Off|[of] p2a: Meowscarada\n|faint|p1a: Surya\n|\n|-weather|Snowscape|[upkeep]\n|upkeep\n|\n|t:|1765552913\n|switch|p1a: Gabriel|Meganium-Mega-ZA, F|42/100\n|turn|35\n|\n|t:|1765552919\n|switch|p2a: Arcanine|Arcanine, M|55/100\n|-damage|p2a: Arcanine|43/100|[from] Spikes\n|-ability|p2a: Arcanine|Intimidate|boost\n|-unboost|p1a: Gabriel|atk|1\n|switch|p1a: Uriel|Tapu Lele|81/100\n|-fieldstart|move: Psychic Terrain|[from] ability: Psychic Surge|[of] p1a: Uriel\n|\n|-weather|Snowscape|[upkeep]\n|upkeep\n|turn|36\n|\n|t:|1765552940\n|move|p1a: Uriel|Psychic|p2a: Arcanine\n|-damage|p2a: Arcanine|0 fnt\n|faint|p2a: Arcanine\n|\n|-weather|none\n|upkeep\n|\n|t:|1765552975\n|switch|p2a: Meowscarada|Meowscarada, F|88/100\n|-damage|p2a: Meowscarada|76/100|[from] Spikes\n|turn|37\n|\n|t:|1765552980\n|switch|p1a: Gabriel|Meganium-Mega-ZA, F|42/100\n|move|p2a: Meowscarada|U-turn|p1a: Gabriel\n|-start|p2a: Meowscarada|typechange|Bug|[from] ability: Protean\n|-damage|p1a: Gabriel|16/100\n|\n|t:|1765552993\n|switch|p2a: Froslass|Froslass-Mega-ZA, F|88/100|[from] U-turn\n|-damage|p2a: Froslass|76/100|[from] Spikes\n|-weather|Snowscape|[from] ability: Snow Warning|[of] p2a: Froslass\n|\n|-weather|Snowscape|[upkeep]\n|upkeep\n|turn|38\n|\n|t:|1765553026\n|move|p2a: Froslass|Aurora Veil|p2a: Froslass\n|-sidestart|p2: bowser89|move: Aurora Veil\n|move|p1a: Gabriel|Synthesis|p1a: Gabriel\n|-heal|p1a: Gabriel|41/100\n|\n|-weather|Snowscape|[upkeep]\n|upkeep\n|turn|39\n|\n|t:|1765553046\n|move|p2a: Froslass|Blizzard|p1a: Gabriel\n|-supereffective|p1a: Gabriel\n|-damage|p1a: Gabriel|0 fnt\n|faint|p1a: Gabriel\n|detailschange|p1: Gabriel|Meganium, F|[silent]\n|\n|-weather|Snowscape|[upkeep]\n|-fieldend|move: Psychic Terrain\n|upkeep\n|c|☆Misty Mead 2|Okay I lose ggs\n|\n|t:|1765553055\n|switch|p1a: Persephone|Dragapult, F|91/100\n|turn|40\n|\n|t:|1765553067\n|move|p1a: Persephone|Shadow Ball|p2a: Froslass\n|-supereffective|p2a: Froslass\n|-damage|p2a: Froslass|21/100\n|-damage|p1a: Persephone|81/100|[from] item: Life Orb\n|move|p2a: Froslass|Blizzard|p1a: Persephone\n|-supereffective|p1a: Persephone\n|-damage|p1a: Persephone|0 fnt\n|faint|p1a: Persephone\n|\n|-weather|Snowscape|[upkeep]\n|upkeep\n|\n|t:|1765553074\n|switch|p1a: Uriel|Tapu Lele|81/100\n|-fieldstart|move: Psychic Terrain|[from] ability: Psychic Surge|[of] p1a: Uriel\n|turn|41\n|\n|t:|1765553077\n|move|p1a: Uriel|Moonblast|p2a: Froslass\n|-damage|p2a: Froslass|0 fnt\n|faint|p2a: Froslass\n|detailschange|p2: Froslass|Froslass, F|[silent]\n|\n|-weather|none\n|upkeep\n|c|☆bowser89|ggs\n|c|☆Misty Mead 2|WIsh I had infiltrator\n|\n|t:|1765553091\n|switch|p2a: Primarina|Primarina, M|100/100\n|-damage|p2a: Primarina|88/100|[from] Spikes\n|turn|42\n|c|☆Misty Mead 2|I forgot about veil\n|\n|t:|1765553100\n|move|p1a: Uriel|Moonblast|p2a: Primarina\n|-damage|p2a: Primarina|69/100\n|move|p2a: Primarina|Calm Mind|p2a: Primarina\n|-boost|p2a: Primarina|spa|1\n|-boost|p2a: Primarina|spd|1\n|\n|-heal|p2a: Primarina|75/100|[from] item: Leftovers\n|-sideend|p2: bowser89|move: Aurora Veil\n|upkeep\n|turn|43\n|\n|t:|1765553105\n|move|p1a: Uriel|Moonblast|p2a: Primarina\n|-damage|p2a: Primarina|47/100\n|move|p2a: Primarina|Draining Kiss|p1a: Uriel\n|-damage|p1a: Uriel|50/100\n|-heal|p2a: Primarina|66/100|[from] drain|[of] p1a: Uriel\n|\n|-heal|p2a: Primarina|72/100|[from] item: Leftovers\n|upkeep\n|turn|44\n|\n|t:|1765553115\n|move|p1a: Uriel|Moonblast|p2a: Primarina\n|-damage|p2a: Primarina|48/100\n|move|p2a: Primarina|Draining Kiss|p1a: Uriel\n|-damage|p1a: Uriel|16/100\n|-heal|p2a: Primarina|68/100|[from] drain|[of] p1a: Uriel\n|\n|-heal|p2a: Primarina|74/100|[from] item: Leftovers\n|upkeep\n|turn|45\n|\n|t:|1765553120\n|move|p1a: Uriel|Moonblast|p2a: Primarina\n|-damage|p2a: Primarina|49/100\n|move|p2a: Primarina|Draining Kiss|p1a: Uriel\n|-damage|p1a: Uriel|0 fnt\n|-heal|p2a: Primarina|58/100|[from] drain|[of] p1a: Uriel\n|faint|p1a: Uriel\n|\n|win|bowser89\n|c|☆Misty Mead 2|ggs\n|c|☆bowser89|yea. veil was a good part of the reason I took Mega frosslass\n|c|☆bowser89|GGs\n","players":["Misty Mead 2","bowser89"],"format":"[Gen 9] NatDex Draft","rating":null,"private":0,"password":null,"inputlog":">version 5be251e737a9732efaea60679884b283782d8959\n>start {\"formatid\":\"gen9natdexdraft\",\"seed\":\"sodium,62c7a98c94e61eed870e7b5872818540\"}\n>player p1 {\"name\":\"Misty Mead 2\",\"avatar\":\"265\",\"team\":\"Persephone|Dragapult|LifeOrb|ClearBody|ShadowBall,DracoMeteor,Thunderbolt,Uturn|Timid|152,,,252,,104|F||||,,,,,Dragon]Uriel|TapuLele|ChoiceScarf|PsychicSurge|Moonblast,Psychic,Psyshock,FocusBlast|Timid|64,,,252,,192|N|,0,,,,|||,,,,,Psychic]Surya|Cinderace|HeavyDutyBoots|Libero|PyroBall,Uturn,GunkShot,CourtChange|Jolly|72,252,,,,184|M||||,,,,,Fire]Yi Sunsin|RotomWash|SitrusBerry|Levitate|VoltSwitch,HydroPump,RainDance,Defog|Bold|248,,252,,8,|N|,0,,,,|||,,,,,Electric]Abaddon|QwilfishHisui|Eviolite|Intimidate|Spikes,BarbBarrage,Crunch,PainSplit|Careful|248,,8,,248,4|M||||,,,,,Ghost]Gabriel|Meganium|MeganiumiteZA|Overgrow|GigaDrain,TeraBlast,WeatherBall,Synthesis|Modest|248,,,252,,8|F||||,,,,,Grass\",\"rating\":0}\n>player p2 {\"name\":\"bowser89\",\"avatar\":\"265\",\"team\":\"Froslass||FroslassiteZA|CursedBody|AuroraVeil,Blizzard,ShadowBall,Spikes|Timid|,,,252,4,252|F|,0,,,,|||,,,,,Ice]Meowscarada||ChoiceScarf|Protean|Uturn,FlowerTrick,KnockOff,PlayRough|Jolly|,252,,,4,252|F||||,,,,,Grass]Zapdos||HeavyDutyBoots|Static|Uturn,HeatWave,Roost,Hurricane|Bold|248,,100,,160,|N||||,,,,,Electric]Arcanine||RockyHelmet|Intimidate|FlareBlitz,Teleport,Toxic,MorningSun|Careful|248,,64,,196,|M||||,,,,,Fire]Primarina||Leftovers|Torrent|CalmMind,Scald,DrainingKiss,PsychicNoise|Bold|248,,200,,60,|M|,0,,,,|||,,,,,Water]Copperajah||AssaultVest|HeavyMetal|HeavySlam,PowerWhip,Earthquake,KnockOff|Careful|252,52,,,204,|F||||,,,,,Steel\",\"rating\":0}\n>chat ☆bowser89|GL HF\n>chat ☆Misty Mead 2|Tell me later if you can guess my nickname theme\n>chat ☆Misty Mead 2|you too hf\n>p1 team 1, 2, 3, 4, 5, 6\n>p2 team 3, 2, 1, 4, 5, 6\n>p1 switch 4\n>p2 move hurricane\n>p1 move voltswitch\n>p2 move uturn\n>p2 switch 6\n>p1 switch 3\n>p1 move pyroball\n>p2 switch 4\n>p1 move gunkshot\n>p2 move teleport\n>p2 switch 6\n>p1 switch 3\n>p2 move uturn\n>p2 switch 2\n>p1 switch 5\n>p2 move flowertrick\n>p1 move painsplit\n>p2 switch 2\n>p1 move barbbarrage\n>p2 move hurricane\n>p1 switch 5\n>p2 move hurricane\n>p1 move voltswitch\n>p2 move roost\n>p1 switch 3\n>p1 move pyroball\n>p2 move uturn\n>p2 switch 6\n>p1 move gunkshot\n>p2 move morningsun\n>p1 move gunkshot\n>p2 move morningsun\n>p1 move gunkshot\n>p2 move flareblitz\n>chat ☆Misty Mead 2|No poison after 30% is crazy\n>p1 move gunkshot\n>p2 move morningsun\n>p1 move uturn\n>p2 move morningsun\n>p1 switch 3\n>p1 move voltswitch\n>p2 move toxic\n>p1 switch 5\n>p1 move spikes\n>p2 move flareblitz\n>p1 move painsplit\n>p2 move teleport\n>chat ☆Misty Mead 2|And you get the one burn\n>chat ☆Misty Mead 2|Okay I'm not complaining but its just amusing to me lol\n>p2 switch 6\n>p1 move barbbarrage\n>p2 move roost\n>p1 move painsplit\n>p2 move hurricane\n>p1 move painsplit\n>p2 move hurricane\n>p1 switch 5\n>p2 move roost\n>p1 move voltswitch\n>p2 move roost\n>p1 switch 2\n>p1 move psychic\n>p2 move uturn\n>p2 switch 4\n>p1 switch 2\n>p2 move knockoff\n>p1 move raindance\n>p2 move heavyslam\n>p1 move voltswitch\n>p2 move knockoff\n>p1 switch 5\n>p1 move painsplit\n>p2 move earthquake\n>p1 switch 6\n>p1 move weatherball mega\n>p2 move heavyslam\n>p1 move gigadrain\n>p2 move heavyslam\n>p2 switch 3\n>p1 switch 5\n>p2 move blizzard mega\n>p1 switch 4\n>p1 move shadowball\n>p2 switch 4\n>p2 switch 2\n>p1 switch 3\n>p2 move knockoff\n>p1 switch 5\n>p1 switch 2\n>p2 switch 6\n>p1 move psychic\n>p2 move teleport\n>p2 switch 6\n>p1 switch 2\n>p2 move uturn\n>p2 switch 4\n>p1 move synthesis\n>p2 move auroraveil\n>p1 move gigadrain\n>p2 move blizzard\n>chat ☆Misty Mead 2|Okay I lose ggs\n>p1 switch 3\n>p1 move shadowball\n>p2 move blizzard\n>p1 switch 2\n>p1 move moonblast\n>p2 move shadowball\n>chat ☆bowser89|ggs\n>chat ☆Misty Mead 2|WIsh I had infiltrator\n>p2 switch 5\n>chat ☆Misty Mead 2|I forgot about veil\n>p1 move moonblast\n>p2 move calmmind\n>p1 move moonblast\n>p2 move drainingkiss\n>p1 move moonblast\n>p2 move drainingkiss\n>p1 move moonblast\n>p2 move drainingkiss","uploadtime":1765553140}