{"id":"gen9natdexdraft-47","log":"|j|☆NottaDoc\n|j|☆The_Shawdoin\n|t:|1759549110\n|gametype|singles\n|player|p1|NottaDoc|2|\n|player|p2|The_Shawdoin|169|\n|gen|9\n|tier|[Gen 9] NatDex Draft\n|rule|Tera Type Preview: Tera Types are shown at Team Preview\n|rule|Sleep Clause Mod: Limit one foe put to sleep\n|rule|OHKO Clause: OHKO moves are banned\n|rule|Evasion Clause: Evasion abilities, items, and moves are banned\n|rule|Evasion Abilities Clause: Evasion abilities are banned\n|rule|Evasion Items Clause: Evasion items are banned\n|rule|Evasion Moves Clause: Evasion moves are banned\n|rule|Endless Battle Clause: Forcing endless battles is banned\n|rule|HP Percentage Mod: HP is shown in percentages\n|raw|<div class=\"infobox\"><details class=\"readmore\" open><summary><strong>1 custom rule:</strong></summary> Tera Type Preview</details></div>\n|clearpoke\n|poke|p1|Gholdengo|\n|poke|p1|Gyarados, F|\n|poke|p1|Iron Drill, F|\n|poke|p1|Greninja-*, F|\n|poke|p1|Landorus-Therian, M|\n|poke|p1|Tapu Koko|\n|poke|p2|Iron Saw, F|\n|poke|p2|Drifblim-Hell, M|\n|poke|p2|Wild Wind, F|\n|poke|p2|Zapdos|\n|poke|p2|Gouging Fire|\n|poke|p2|Weavile, M|\n|raw|NottaDoc's Tera Types:<br /><psicon pokemon=\"gholdengo\" /><psicon type=\"Steel\" /> / <psicon pokemon=\"gyarados\" /><psicon type=\"Water\" /> / <psicon pokemon=\"irondrill\" /><psicon type=\"Grass\" /> / <psicon pokemon=\"greninja\" /><psicon type=\"Water\" /> / <psicon pokemon=\"landorustherian\" /><psicon type=\"Ground\" /> / <psicon pokemon=\"tapukoko\" /><psicon type=\"Electric\" />\n|raw|The_Shawdoin's Tera Types:<br /><psicon pokemon=\"ironsaw\" /><psicon type=\"Electric\" /> / <psicon pokemon=\"drifblimhell\" /><psicon type=\"Water\" /> / <psicon pokemon=\"wildwind\" /><psicon type=\"Grass\" /> / <psicon pokemon=\"zapdos\" /><psicon type=\"Fairy\" /> / <psicon pokemon=\"gougingfire\" /><psicon type=\"Fire\" /> / <psicon pokemon=\"weavile\" /><psicon type=\"Dark\" />\n|teampreview\n|c|☆NottaDoc|glhf!\n|c|☆The_Shawdoin|gl hf\n|\n|t:|1759549151\n|teamsize|p1|6\n|teamsize|p2|6\n|start\n|switch|p1a: Tapu Koko|Tapu Koko|100/100\n|switch|p2a: Wild Wind|Wild Wind, F|100/100\n|-fieldstart|move: Electric Terrain|[from] ability: Electric Surge|[of] p1a: Tapu Koko\n|turn|1\n|\n|t:|1759549162\n|move|p1a: Tapu Koko|U-turn|p2a: Wild Wind\n|-damage|p2a: Wild Wind|86/100\n|\n|t:|1759549165\n|switch|p1a: Landorus|Landorus-Therian, M|100/100|[from] U-turn\n|-ability|p1a: Landorus|Intimidate|boost\n|-unboost|p2a: Wild Wind|atk|1\n|move|p2a: Wild Wind|Dire Claw|p1a: Landorus\n|-resisted|p1a: Landorus\n|-damage|p1a: Landorus|97/100\n|-status|p1a: Landorus|par\n|-damage|p2a: Wild Wind|70/100|[from] item: Rocky Helmet|[of] p1a: Landorus\n|\n|-heal|p2a: Wild Wind|76/100|[from] item: Leftovers\n|upkeep\n|turn|2\n|\n|t:|1759549175\n|move|p2a: Wild Wind|Strength Sap|p1a: Landorus\n|-unboost|p1a: Landorus|atk|1\n|-heal|p2a: Wild Wind|100/100\n|cant|p1a: Landorus|par\n|\n|upkeep\n|turn|3\n|\n|t:|1759549193\n|-end|p2a: Wild Wind|Protosynthesis|[silent]\n|switch|p2a: Weavile|Weavile, M|100/100\n|-ability|p2a: Weavile|Pressure\n|cant|p1a: Landorus|par\n|\n|upkeep\n|turn|4\n|\n|t:|1759549203\n|switch|p1a: Gyarados|Gyarados, F|100/100\n|-ability|p1a: Gyarados|Intimidate|boost\n|-unboost|p2a: Weavile|atk|1\n|move|p2a: Weavile|Triple Axel|p1a: Gyarados\n|-damage|p1a: Gyarados|93/100\n|-damage|p1a: Gyarados|80/100\n|-damage|p1a: Gyarados|59/100\n|-hitcount|p1a: Gyarados|3\n|\n|upkeep\n|turn|5\n|\n|t:|1759549220\n|switch|p2a: Wild Wind|Wild Wind, F|100/100\n|detailschange|p1a: Gyarados|Gyarados-Mega-Y, F\n|-mega|p1a: Gyarados|Gyarados|Gyaradosite Y\n|move|p1a: Gyarados|Zap Cannon|p2a: Wild Wind\n|-resisted|p2a: Wild Wind\n|-damage|p2a: Wild Wind|75/100\n|-status|p2a: Wild Wind|par\n|\n|-heal|p2a: Wild Wind|81/100 par|[from] item: Leftovers\n|-fieldend|move: Electric Terrain\n|upkeep\n|turn|6\n|\n|t:|1759549230\n|switch|p1a: Landorus|Landorus-Therian, M|97/100 par\n|-ability|p1a: Landorus|Intimidate|boost\n|-unboost|p2a: Wild Wind|atk|1\n|move|p2a: Wild Wind|U-turn|p1a: Landorus\n|-resisted|p1a: Landorus\n|-damage|p1a: Landorus|94/100 par\n|-damage|p2a: Wild Wind|65/100 par|[from] item: Rocky Helmet|[of] p1a: Landorus\n|\n|t:|1759549235\n|-end|p2a: Wild Wind|Protosynthesis|[silent]\n|switch|p2a: Weavile|Weavile, M|100/100|[from] U-turn\n|-ability|p2a: Weavile|Pressure\n|\n|upkeep\n|turn|7\n|\n|t:|1759549251\n|switch|p1a: Tapu Koko|Tapu Koko|100/100\n|-fieldstart|move: Electric Terrain|[from] ability: Electric Surge|[of] p1a: Tapu Koko\n|move|p2a: Weavile|Triple Axel|p1a: Tapu Koko\n|-damage|p1a: Tapu Koko|88/100\n|-damage|p1a: Tapu Koko|66/100\n|-damage|p1a: Tapu Koko|30/100\n|-hitcount|p1a: Tapu Koko|3\n|\n|-heal|p1a: Tapu Koko|36/100|[from] item: Leftovers\n|upkeep\n|turn|8\n|\n|t:|1759549264\n|switch|p2a: Wild Wind|Wild Wind, F|65/100 par\n|move|p1a: Tapu Koko|U-turn|p2a: Wild Wind\n|-damage|p2a: Wild Wind|51/100 par\n|\n|t:|1759549274\n|switch|p1a: Gholdengo|Gholdengo|100/100|[from] U-turn\n|\n|-heal|p2a: Wild Wind|57/100 par|[from] item: Leftovers\n|upkeep\n|turn|9\n|\n|t:|1759549279\n|-end|p2a: Wild Wind|Protosynthesis|[silent]\n|switch|p2a: Zapdos|Zapdos|100/100\n|move|p1a: Gholdengo|Make It Rain|p2a: Zapdos\n|-resisted|p2a: Zapdos\n|-damage|p2a: Zapdos|71/100\n|-unboost|p1a: Gholdengo|spa|1\n|\n|upkeep\n|turn|10\n|\n|t:|1759549289\n|switch|p1a: Landorus|Landorus-Therian, M|94/100 par\n|-ability|p1a: Landorus|Intimidate|boost\n|-unboost|p2a: Zapdos|atk|1\n|move|p2a: Zapdos|Heat Wave|p1a: Landorus|[miss]\n|-miss|p2a: Zapdos|p1a: Landorus\n|\n|upkeep\n|turn|11\n|\n|t:|1759549304\n|move|p2a: Zapdos|U-turn|p1a: Landorus\n|-resisted|p1a: Landorus\n|-damage|p1a: Landorus|91/100 par\n|-damage|p2a: Zapdos|55/100|[from] item: Rocky Helmet|[of] p1a: Landorus\n|\n|t:|1759549306\n|switch|p2a: Drifblim-Hell|Drifblim-Hell, M|100/100|[from] U-turn\n|move|p1a: Landorus|Toxic|p2a: Drifblim-Hell\n|-immune|p2a: Drifblim-Hell\n|\n|-fieldend|move: Electric Terrain\n|upkeep\n|turn|12\n|\n|t:|1759549313\n|detailschange|p2a: Drifblim-Hell|Drifblim-Hell-Mega, M\n|-mega|p2a: Drifblim-Hell|Drifblim-Hell|Drifblimite Hell\n|move|p2a: Drifblim-Hell|Acid Armor|p2a: Drifblim-Hell\n|-boost|p2a: Drifblim-Hell|def|2\n|cant|p1a: Landorus|par\n|\n|upkeep\n|turn|13\n|\n|t:|1759549318\n|move|p2a: Drifblim-Hell|Ice Beam|p1a: Landorus\n|-supereffective|p1a: Landorus\n|-damage|p1a: Landorus|0 fnt\n|faint|p1a: Landorus\n|\n|upkeep\n|c|☆NottaDoc|the devil invented full para\n|c|☆The_Shawdoin|:3\n|\n|t:|1759549348\n|switch|p1a: Greninja|Greninja, F|100/100\n|turn|14\n|c|☆NottaDoc|i just wanted some sneaky stones\n|\n|t:|1759549381\n|move|p1a: Greninja|Extrasensory|p2a: Drifblim-Hell\n|-start|p1a: Greninja|typechange|Psychic|[from] ability: Protean\n|-supereffective|p2a: Drifblim-Hell\n|-damage|p2a: Drifblim-Hell|40/100\n|move|p2a: Drifblim-Hell|Acid Armor|p2a: Drifblim-Hell\n|-boost|p2a: Drifblim-Hell|def|2\n|\n|upkeep\n|turn|15\n|\n|t:|1759549406\n|switch|p2a: Weavile|Weavile, M|100/100\n|-ability|p2a: Weavile|Pressure\n|move|p1a: Greninja|Extrasensory|p2a: Weavile\n|-immune|p2a: Weavile\n|\n|upkeep\n|turn|16\n|c|☆The_Shawdoin|I forgot this has proten and I want to hit myself\n|c|☆NottaDoc|atleast protean sucks now\n|c|☆The_Shawdoin|nah so like I dont mind but I have shadow ball on drif\n|c|☆The_Shawdoin|I didnt expect ex to do so much\n|\n|t:|1759549452\n|switch|p1a: Tapu Koko|Tapu Koko|36/100\n|-fieldstart|move: Electric Terrain|[from] ability: Electric Surge|[of] p1a: Tapu Koko\n|move|p2a: Weavile|Triple Axel|p1a: Tapu Koko\n|-damage|p1a: Tapu Koko|25/100\n|-damage|p1a: Tapu Koko|1/100\n|-damage|p1a: Tapu Koko|0 fnt\n|faint|p1a: Tapu Koko\n|-hitcount|p1: Tapu Koko|3\n|\n|upkeep\n|\n|t:|1759549459\n|switch|p1a: Iron Drill|Iron Drill, F|100/100\n|-activate|p1a: Iron Drill|ability: Quark Drive\n|-start|p1a: Iron Drill|quarkdriveatk\n|turn|17\n|\n|t:|1759549478\n|move|p1a: Iron Drill|Thunder Punch|p2a: Weavile\n|-damage|p2a: Weavile|4/100\n|move|p2a: Weavile|Low Kick|p1a: Iron Drill\n|-supereffective|p1a: Iron Drill\n|-damage|p1a: Iron Drill|28/100\n|\n|upkeep\n|turn|18\n|\n|t:|1759549488\n|switch|p2a: Gouging Fire|Gouging Fire|100/100\n|move|p1a: Iron Drill|Thunder Punch|p2a: Gouging Fire\n|-resisted|p2a: Gouging Fire\n|-damage|p2a: Gouging Fire|82/100\n|\n|-heal|p2a: Gouging Fire|88/100|[from] item: Leftovers\n|upkeep\n|turn|19\n|\n|t:|1759549506\n|-end|p1a: Iron Drill|Quark Drive|[silent]\n|switch|p1a: Greninja|Greninja, F|100/100\n|move|p2a: Gouging Fire|Stone Edge|p1a: Greninja|[miss]\n|-miss|p2a: Gouging Fire|p1a: Greninja\n|\n|-heal|p2a: Gouging Fire|94/100|[from] item: Leftovers\n|upkeep\n|turn|20\n|\n|t:|1759549517\n|move|p2a: Gouging Fire|Burning Bulwark|p2a: Gouging Fire\n|-singleturn|p2a: Gouging Fire|move: Protect\n|move|p1a: Greninja|Hidden Power|p2a: Gouging Fire\n|-start|p1a: Greninja|typechange|Ground|[from] ability: Protean\n|-activate|p2a: Gouging Fire|move: Protect\n|\n|-heal|p2a: Gouging Fire|99/100|[from] item: Leftovers\n|-fieldend|move: Electric Terrain\n|upkeep\n|turn|21\n|\n|t:|1759549531\n|-end|p2a: Gouging Fire|Protosynthesis|[silent]\n|switch|p2a: Drifblim-Hell|Drifblim-Hell-Mega, M|40/100\n|move|p1a: Greninja|Hidden Power|p2a: Drifblim-Hell\n|-immune|p2a: Drifblim-Hell|[from] ability: Levitate\n|\n|upkeep\n|turn|22\n|\n|t:|1759549543\n|move|p1a: Greninja|Extrasensory|p2a: Drifblim-Hell\n|-supereffective|p2a: Drifblim-Hell\n|-damage|p2a: Drifblim-Hell|1/100\n|move|p2a: Drifblim-Hell|Shadow Ball|p1a: Greninja\n|-damage|p1a: Greninja|52/100\n|\n|upkeep\n|turn|23\n|\n|t:|1759549550\n|move|p1a: Greninja|Extrasensory|p2a: Drifblim-Hell\n|-supereffective|p2a: Drifblim-Hell\n|-damage|p2a: Drifblim-Hell|0 fnt\n|faint|p2a: Drifblim-Hell\n|detailschange|p2: Drifblim-Hell|Drifblim-Hell, M|[silent]\n|\n|upkeep\n|c|☆NottaDoc|curse you pokemon company \n|\n|t:|1759549558\n|switch|p2a: Weavile|Weavile, M|4/100\n|-ability|p2a: Weavile|Pressure\n|turn|24\n|c|☆NottaDoc|the protean nerf\n|\n|t:|1759549592\n|move|p2a: Weavile|Knock Off|p1a: Greninja\n|-damage|p1a: Greninja|0 fnt\n|-enditem|p1a: Greninja|Expert Belt|[from] move: Knock Off|[of] p2a: Weavile\n|faint|p1a: Greninja\n|\n|upkeep\n|\n|t:|1759549595\n|switch|p1a: Iron Drill|Iron Drill, F|28/100\n|turn|25\n|\n|t:|1759549601\n|switch|p2a: Wild Wind|Wild Wind, F|57/100 par\n|move|p1a: Iron Drill|Volt Switch|p2a: Wild Wind\n|-resisted|p2a: Wild Wind\n|-crit|p2a: Wild Wind\n|-damage|p2a: Wild Wind|50/100 par\n|\n|t:|1759549611\n|-end|p1a: Iron Drill|Quark Drive|[silent]\n|switch|p1a: Gyarados|Gyarados-Mega-Y, F|59/100|[from] Volt Switch\n|\n|-heal|p2a: Wild Wind|56/100 par|[from] item: Leftovers\n|upkeep\n|turn|26\n|\n|t:|1759549614\n|move|p1a: Gyarados|Blizzard|p2a: Wild Wind\n|-supereffective|p2a: Wild Wind\n|-damage|p2a: Wild Wind|0 fnt\n|faint|p2a: Wild Wind\n|-end|p2a: Wild Wind|Protosynthesis|[silent]\n|\n|upkeep\n|\n|t:|1759549621\n|switch|p2a: Iron Saw|Iron Saw, F|100/100\n|-enditem|p2a: Iron Saw|Booster Energy\n|-activate|p2a: Iron Saw|ability: Quark Drive|[fromitem]\n|-start|p2a: Iron Saw|quarkdrivespe\n|turn|27\n|\n|t:|1759549658\n|move|p2a: Iron Saw|Substitute|p2a: Iron Saw\n|-start|p2a: Iron Saw|Substitute\n|-damage|p2a: Iron Saw|75/100\n|move|p1a: Gyarados|Hydro Pump|p2a: Iron Saw\n|-end|p2a: Iron Saw|Substitute\n|\n|upkeep\n|turn|28\n|\n|t:|1759549671\n|move|p2a: Iron Saw|Swords Dance|p2a: Iron Saw\n|-boost|p2a: Iron Saw|atk|2\n|move|p1a: Gyarados|Hydro Pump|p2a: Iron Saw\n|-damage|p2a: Iron Saw|0 fnt\n|faint|p2a: Iron Saw\n|-end|p2a: Iron Saw|Quark Drive|[silent]\n|\n|upkeep\n|c|☆The_Shawdoin|ah lol calc on the sid eisnt inputed correct or is still using base gyra showdown rip\n|c|☆The_Shawdoin|said it would do 58% max\n|\n|t:|1759549711\n|switch|p2a: Weavile|Weavile, M|4/100\n|-ability|p2a: Weavile|Pressure\n|turn|29\n|\n|t:|1759549719\n|move|p2a: Weavile|Triple Axel|p1a: Gyarados\n|-damage|p1a: Gyarados|52/100\n|-crit|p1a: Gyarados\n|-damage|p1a: Gyarados|32/100\n|-damage|p1a: Gyarados|10/100\n|-hitcount|p1a: Gyarados|3\n|move|p1a: Gyarados|Zap Cannon|p2a: Weavile\n|-damage|p2a: Weavile|0 fnt\n|faint|p2a: Weavile\n|\n|upkeep\n|c|☆NottaDoc|ah\n|\n|t:|1759549728\n|switch|p2a: Zapdos|Zapdos|55/100\n|turn|30\n|\n|t:|1759549735\n|move|p2a: Zapdos|Discharge|p1a: Gyarados\n|-damage|p1a: Gyarados|0 fnt\n|faint|p1a: Gyarados\n|detailschange|p1: Gyarados|Gyarados, F|[silent]\n|\n|upkeep\n|\n|t:|1759549743\n|switch|p1a: Gholdengo|Gholdengo|100/100\n|turn|31\n|c|☆The_Shawdoin|thats gg I think bc of that\n|\n|t:|1759549752\n|move|p2a: Zapdos|Heat Wave|p1a: Gholdengo\n|-supereffective|p1a: Gholdengo\n|-crit|p1a: Gholdengo\n|-damage|p1a: Gholdengo|39/100\n|move|p1a: Gholdengo|Hex|p2a: Zapdos\n|-damage|p2a: Zapdos|24/100\n|\n|-heal|p1a: Gholdengo|45/100|[from] item: Leftovers\n|upkeep\n|turn|32\n|\n|t:|1759549759\n|move|p2a: Zapdos|Heat Wave|p1a: Gholdengo\n|-supereffective|p1a: Gholdengo\n|-damage|p1a: Gholdengo|1/100\n|-status|p1a: Gholdengo|brn\n|move|p1a: Gholdengo|Recover|p1a: Gholdengo\n|-heal|p1a: Gholdengo|51/100 brn\n|\n|-heal|p1a: Gholdengo|57/100 brn|[from] item: Leftovers\n|-damage|p1a: Gholdengo|51/100 brn|[from] brn\n|upkeep\n|turn|33\n|\n|t:|1759549769\n|move|p2a: Zapdos|Heat Wave|p1a: Gholdengo\n|-supereffective|p1a: Gholdengo\n|-damage|p1a: Gholdengo|4/100 brn\n|move|p1a: Gholdengo|Hex|p2a: Zapdos\n|-damage|p2a: Zapdos|0 fnt\n|faint|p2a: Zapdos\n|\n|-heal|p1a: Gholdengo|10/100 brn|[from] item: Leftovers\n|-damage|p1a: Gholdengo|4/100 brn|[from] brn\n|upkeep\n|\n|t:|1759549777\n|switch|p2a: Gouging Fire|Gouging Fire|99/100\n|turn|34\n|\n|t:|1759549785\n|move|p2a: Gouging Fire|Burning Bulwark|p2a: Gouging Fire\n|-singleturn|p2a: Gouging Fire|move: Protect\n|move|p1a: Gholdengo|Hex|p2a: Gouging Fire\n|-activate|p2a: Gouging Fire|move: Protect\n|\n|-heal|p2a: Gouging Fire|100/100|[from] item: Leftovers\n|-heal|p1a: Gholdengo|10/100 brn|[from] item: Leftovers\n|-damage|p1a: Gholdengo|4/100 brn|[from] brn\n|upkeep\n|turn|35\n|\n|t:|1759549790\n|move|p2a: Gouging Fire|Flare Blitz|p1a: Gholdengo\n|-supereffective|p1a: Gholdengo\n|-damage|p1a: Gholdengo|0 fnt\n|faint|p1a: Gholdengo\n|-damage|p2a: Gouging Fire|99/100|[from] Recoil\n|\n|-heal|p2a: Gouging Fire|100/100|[from] item: Leftovers\n|upkeep\n|\n|t:|1759549792\n|switch|p1a: Iron Drill|Iron Drill, F|28/100\n|turn|36\n|\n|t:|1759549795\n|move|p2a: Gouging Fire|Burning Bulwark|p2a: Gouging Fire\n|-singleturn|p2a: Gouging Fire|move: Protect\n|move|p1a: Iron Drill|Drill Run|p2a: Gouging Fire\n|-activate|p2a: Gouging Fire|move: Protect\n|-status|p1a: Iron Drill|brn\n|\n|-damage|p1a: Iron Drill|22/100 brn|[from] brn\n|upkeep\n|turn|37\n|c|☆NottaDoc|gg!\n|\n|t:|1759549801\n|move|p1a: Iron Drill|Drill Run|p2a: Gouging Fire\n|-supereffective|p2a: Gouging Fire\n|-damage|p2a: Gouging Fire|77/100\n|move|p2a: Gouging Fire|Flare Blitz|p1a: Iron Drill\n|-supereffective|p1a: Iron Drill\n|-damage|p1a: Iron Drill|0 fnt\n|faint|p1a: Iron Drill\n|-end|p1a: Iron Drill|Quark Drive|[silent]\n|-damage|p2a: Gouging Fire|72/100|[from] Recoil\n|\n|win|The_Shawdoin\n|c|☆The_Shawdoin|nvm gg\n","players":["NottaDoc","The_Shawdoin"],"format":"[Gen 9] NatDex Draft","rating":null,"private":0,"password":null,"inputlog":">version 2521d38b27f80d1c68b15942009d55f3b2bb8613\n>start {\"formatid\":\"gen9natdexdraft@@@Tera Type Preview\",\"seed\":\"sodium,afd690201c67485b54397f3dce01cdbb\"}\n>player p1 {\"name\":\"NottaDoc\",\"avatar\":\"2\",\"team\":\"Gholdengo||Leftovers|GoodasGold|MakeItRain,Hex,Recover,NastyPlot|Calm|252,,,,252,|N|,0,,,,|||,,,,,Steel]Gyarados||GyaradositeY|Intimidate|ZapCannon,DragonPulse,HydroPump,Blizzard|Modest|252,,,252,4,|F|,0,,,,|||,,,,,Water]Iron Drill||ChoiceScarf|QuarkDrive|DrillRun,IcePunch,ThunderPunch,VoltSwitch|Adamant|,252,,,4,252|F||||,,,,,Grass]Greninja||ExpertBelt|Protean|Extrasensory,HiddenPowerGround,IceBeam,Haze|Timid|,,,252,4,252|F|,0,,,,|||,Ground,,,,Water]Landorus|LandorusTherian|RockyHelmet|Intimidate|Earthquake,StoneEdge,StealthRock,Toxic|Impish|252,4,252,,,|M||||,,,,,Ground]Tapu Koko||Leftovers|ElectricSurge|HiddenPowerGround,NaturesMadness,Roost,Uturn|Timid|252,,,4,,252|N|,30,,,,|||,Ground,,,,Electric\",\"rating\":0}\n>player p2 {\"name\":\"The_Shawdoin\",\"avatar\":\"169\",\"team\":\"Iron Saw||BoosterEnergy|QuarkDrive|SwordsDance,CloseCombat,IronHead,Substitute|Jolly|60,252,,,4,192|F||||,,,,,Electric]Drifblim-Hell||DrifblimiteHell|WaterAbsorb|AcidArmor,IceBeam,ShadowBall,StrengthSap|Modest|4,,,252,252,|M|,0,,,,|||,,,,,Water]Wild Wind||Leftovers|Protosynthesis|StrengthSap,DireClaw,Uturn,Encore|Jolly|252,,52,,,204|F||||,,,,,Grass]Zapdos||HeavyDutyBoots|Static|Defog,HeatWave,Discharge,Uturn|Timid|72,,,252,,184|N||||,,,,,Fairy]Gouging Fire||Leftovers|Protosynthesis|MorningSun,FlareBlitz,StoneEdge,BurningBulwark|Adamant|252,252,4,,,|N||||,Fighting,,,,Fire]Weavile||WideLens|Pressure|TripleAxel,KnockOff,PoisonJab,LowKick|Jolly|24,252,,,,232|M||||,,,,,Dark\",\"rating\":0}\n>chat ☆NottaDoc|glhf!\n>chat ☆The_Shawdoin|gl hf\n>p1 team 6, 2, 3, 4, 5, 1\n>p2 team 3, 2, 1, 4, 5, 6\n>p1 move uturn\n>p2 move direclaw\n>p1 switch 5\n>p1 move stealthrock\n>p2 move strengthsap\n>p1 move stealthrock\n>p2 switch 6\n>p1 switch 2\n>p2 move tripleaxel\n>p1 move zapcannon mega\n>p2 switch 6\n>p1 switch 2\n>p2 move uturn\n>p2 switch 6\n>p1 switch 5\n>p2 move tripleaxel\n>p1 move uturn\n>p2 switch 6\n>p1 switch 6\n>p1 move makeitrain\n>p2 switch 4\n>p1 switch 5\n>p2 move heatwave\n>p1 move toxic\n>p2 move uturn\n>p2 switch 2\n>p1 move stealthrock\n>p2 move acidarmor mega\n>p1 move stealthrock\n>p2 move icebeam\n>chat ☆NottaDoc|the devil invented full para\n>chat ☆The_Shawdoin|:3\n>p1 switch 4\n>chat ☆NottaDoc|i just wanted some sneaky stones\n>p1 move extrasensory\n>p2 move acidarmor\n>p1 move extrasensory\n>p2 switch 6\n>chat ☆The_Shawdoin|I forgot this has proten and I want to hit myself\n>chat ☆NottaDoc|atleast protean sucks now\n>chat ☆The_Shawdoin|nah so like I dont mind but I have shadow ball on drif\n>chat ☆The_Shawdoin|I didnt expect ex to do so much\n>p1 switch 6\n>p2 move tripleaxel\n>p1 switch 3\n>p1 move thunderpunch\n>p2 move lowkick\n>p1 move thunderpunch\n>p2 switch 5\n>p1 switch 6\n>p2 move stoneedge\n>p1 move hiddenpower\n>p2 move burningbulwark\n>p1 move hiddenpower\n>p2 switch 6\n>p1 move extrasensory\n>p2 move shadowball\n>p1 move extrasensory\n>p2 move shadowball\n>chat ☆NottaDoc|curse you pokemon company \n>p2 switch 5\n>chat ☆NottaDoc|the protean nerf\n>p1 move hiddenpower\n>p2 move knockoff\n>p1 switch 6\n>p1 move voltswitch\n>p2 switch 4\n>p1 switch 2\n>p1 move blizzard\n>p2 move strengthsap\n>p2 switch 3\n>p1 move hydropump\n>p2 move substitute\n>p1 move hydropump\n>p2 move swordsdance\n>chat ☆The_Shawdoin|ah lol calc on the sid eisnt inputed correct or is still using base gyra showdown rip\n>chat ☆The_Shawdoin|said it would do 58% max\n>p2 switch 4\n>p1 move zapcannon\n>p2 move tripleaxel\n>chat ☆NottaDoc|ah\n>p2 switch 2\n>p1 move blizzard\n>p2 move discharge\n>p1 switch 5\n>chat ☆The_Shawdoin|thats gg I think bc of that\n>p1 move hex\n>p2 move heatwave\n>p1 move recover\n>p2 move heatwave\n>p1 move hex\n>p2 move heatwave\n>p2 switch 6\n>p1 move hex\n>p2 move burningbulwark\n>p1 move hex\n>p2 move flareblitz\n>p1 switch 2\n>p1 move drillrun\n>p2 move burningbulwark\n>chat ☆NottaDoc|gg!\n>p1 move drillrun\n>p2 move flareblitz","uploadtime":1759549808}