{"id":"gen9natdexdraft-59","log":"|j|☆GamerNotFound2025\n|j|☆DogeTheNoob\n|t:|1765126764\n|gametype|singles\n|player|p1|GamerNotFound2025|101|\n|player|p2|DogeTheNoob|102|\n|gen|9\n|tier|[Gen 9] NatDex Draft\n|rule|Tera Type Preview: Tera Types are shown at Team Preview\n|rule|Sleep Clause Mod: Limit one foe put to sleep\n|rule|OHKO Clause: OHKO moves are banned\n|rule|Evasion Clause: Evasion abilities, items, and moves are banned\n|rule|Evasion Abilities Clause: Evasion abilities are banned\n|rule|Evasion Items Clause: Evasion items are banned\n|rule|Evasion Moves Clause: Evasion moves are banned\n|rule|Endless Battle Clause: Forcing endless battles is banned\n|rule|HP Percentage Mod: HP is shown in percentages\n|raw|<div class=\"infobox\"><details class=\"readmore\" open><summary><strong>1 custom rule:</strong></summary> Tera Type Preview</details></div>\n|clearpoke\n|poke|p1|Reuniclus-Hell, M|\n|poke|p1|Roaring Moon|\n|poke|p1|Ceruledge, F|\n|poke|p1|Muk, F|\n|poke|p1|Toedscruel, M|\n|poke|p1|Irony Friends, M|\n|poke|p2|Gouging Fire|\n|poke|p2|Torkoal, F|\n|poke|p2|Slither Wing|\n|poke|p2|Razor Spine, F|\n|poke|p2|Terapagos, M|\n|poke|p2|Abyluxneon, F|\n|raw|GamerNotFound2025's Tera Types:<br /><psicon pokemon=\"reuniclushell\" /><psicon type=\"Normal\" /> / <psicon pokemon=\"roaringmoon\" /><psicon type=\"Dragon\" /> / <psicon pokemon=\"ceruledge\" /><psicon type=\"Dragon\" /> / <psicon pokemon=\"muk\" /><psicon type=\"Poison\" /> / <psicon pokemon=\"toedscruel\" /><psicon type=\"Ground\" /> / <psicon pokemon=\"ironyfriends\" /><psicon type=\"Psychic\" />\n|raw|DogeTheNoob's Tera Types:<br /><psicon pokemon=\"gougingfire\" /><psicon type=\"Fire\" /> / <psicon pokemon=\"torkoal\" /><psicon type=\"Fire\" /> / <psicon pokemon=\"slitherwing\" /><psicon type=\"Water\" /> / <psicon pokemon=\"razorspine\" /><psicon type=\"Steel\" /> / <psicon pokemon=\"terapagos\" /><psicon type=\"Stellar\" /> / <psicon pokemon=\"abyluxneon\" /><psicon type=\"Steel\" />\n|teampreview\n|c|☆DogeTheNoob|gl gl\n|c|☆GamerNotFound2025|Hf\n|\n|t:|1765126789\n|teamsize|p1|6\n|teamsize|p2|6\n|start\n|switch|p1a: Toedscruel|Toedscruel, M|100/100\n|switch|p2a: Torkoal|Torkoal, F|100/100\n|-weather|SunnyDay|[from] ability: Drought|[of] p2a: Torkoal\n|turn|1\n|\n|t:|1765126795\n|move|p2a: Torkoal|Lava Plume|p1a: Toedscruel\n|-supereffective|p1a: Toedscruel\n|-damage|p1a: Toedscruel|53/100\n|move|p1a: Toedscruel|Toxic Spikes|p2a: Torkoal\n|-sidestart|p2: DogeTheNoob|move: Toxic Spikes\n|\n|-weather|SunnyDay|[upkeep]\n|-heal|p1a: Toedscruel|59/100|[from] item: Leftovers\n|upkeep\n|turn|2\n|\n|t:|1765126803\n|move|p1a: Toedscruel|Earth Power|p2a: Torkoal\n|-supereffective|p2a: Torkoal\n|-damage|p2a: Torkoal|33/100\n|move|p2a: Torkoal|Rapid Spin|p1a: Toedscruel\n|-damage|p1a: Toedscruel|47/100\n|-boost|p2a: Torkoal|spe|1\n|-sideend|p2: DogeTheNoob|Toxic Spikes|[from] move: Rapid Spin|[of] p2a: Torkoal\n|\n|-weather|SunnyDay|[upkeep]\n|-heal|p1a: Toedscruel|54/100|[from] item: Leftovers\n|upkeep\n|turn|3\n|\n|t:|1765126813\n|switch|p2a: Slither Wing|Slither Wing|100/100\n|-activate|p2a: Slither Wing|ability: Protosynthesis\n|-start|p2a: Slither Wing|protosynthesisatk\n|move|p1a: Toedscruel|Toxic Spikes|p2a: Slither Wing\n|-sidestart|p2: DogeTheNoob|move: Toxic Spikes\n|\n|-weather|SunnyDay|[upkeep]\n|-heal|p1a: Toedscruel|60/100|[from] item: Leftovers\n|upkeep\n|turn|4\n|\n|t:|1765126819\n|move|p1a: Toedscruel|Protect|p1a: Toedscruel\n|-singleturn|p1a: Toedscruel|Protect\n|move|p2a: Slither Wing|U-turn|p1a: Toedscruel\n|-activate|p1a: Toedscruel|move: Protect\n|\n|-weather|SunnyDay|[upkeep]\n|-heal|p1a: Toedscruel|66/100|[from] item: Leftovers\n|upkeep\n|turn|5\n|\n|t:|1765126826\n|switch|p1a: Ceruledge|Ceruledge, F|100/100\n|move|p2a: Slither Wing|U-turn|p1a: Ceruledge\n|-resisted|p1a: Ceruledge\n|-damage|p1a: Ceruledge|87/100\n|-ability|p1a: Ceruledge|Weak Armor|boost\n|-unboost|p1a: Ceruledge|def|1\n|-boost|p1a: Ceruledge|spe|2\n|\n|t:|1765126860\n|-end|p2a: Slither Wing|Protosynthesis|[silent]\n|switch|p2a: Gouging Fire|Gouging Fire|100/100|[from] U-turn\n|-status|p2a: Gouging Fire|psn\n|-activate|p2a: Gouging Fire|ability: Protosynthesis\n|-start|p2a: Gouging Fire|protosynthesisatk\n|\n|-weather|SunnyDay|[upkeep]\n|-damage|p2a: Gouging Fire|88/100 psn|[from] psn\n|upkeep\n|turn|6\n|\n|t:|1765126868\n|move|p1a: Ceruledge|Substitute|p1a: Ceruledge\n|-start|p1a: Ceruledge|Substitute\n|-damage|p1a: Ceruledge|62/100\n|move|p2a: Gouging Fire|Earthquake|p1a: Ceruledge\n|-supereffective|p1a: Ceruledge\n|-end|p1a: Ceruledge|Substitute\n|\n|-weather|SunnyDay|[upkeep]\n|-heal|p2a: Gouging Fire|94/100 psn|[from] item: Leftovers\n|-damage|p2a: Gouging Fire|82/100 psn|[from] psn\n|upkeep\n|turn|7\n|\n|t:|1765126880\n|-terastallize|p1a: Ceruledge|Dragon\n|move|p1a: Ceruledge|Dragon Claw|p2a: Gouging Fire\n|-supereffective|p2a: Gouging Fire\n|-damage|p2a: Gouging Fire|25/100 psn\n|move|p2a: Gouging Fire|Earthquake|p1a: Ceruledge\n|-damage|p1a: Ceruledge|0 fnt\n|faint|p1a: Ceruledge\n|\n|-weather|SunnyDay|[upkeep]\n|-heal|p2a: Gouging Fire|31/100 psn|[from] item: Leftovers\n|-damage|p2a: Gouging Fire|19/100 psn|[from] psn\n|upkeep\n|\n|t:|1765126889\n|switch|p1a: Roaring Moon|Roaring Moon|100/100\n|-activate|p1a: Roaring Moon|ability: Protosynthesis\n|-start|p1a: Roaring Moon|protosynthesisspe\n|turn|8\n|\n|t:|1765126897\n|move|p1a: Roaring Moon|Knock Off|p2a: Gouging Fire\n|-damage|p2a: Gouging Fire|0 fnt\n|-enditem|p2a: Gouging Fire|Leftovers|[from] move: Knock Off|[of] p1a: Roaring Moon\n|faint|p2a: Gouging Fire\n|-end|p2a: Gouging Fire|Protosynthesis|[silent]\n|\n|-weather|none\n|-end|p1a: Roaring Moon|Protosynthesis\n|upkeep\n|\n|t:|1765126902\n|switch|p2a: Razor Spine|Razor Spine, F|100/100\n|turn|9\n|\n|t:|1765126923\n|move|p2a: Razor Spine|Close Combat|p1a: Roaring Moon\n|-supereffective|p1a: Roaring Moon\n|-damage|p1a: Roaring Moon|0 fnt\n|-unboost|p2a: Razor Spine|def|1\n|-unboost|p2a: Razor Spine|spd|1\n|faint|p1a: Roaring Moon\n|-end|p1a: Roaring Moon|Protosynthesis|[silent]\n|\n|upkeep\n|\n|t:|1765126929\n|switch|p1a: Muk|Muk, F|100/100\n|turn|10\n|\n|t:|1765126940\n|-end|p2a: Razor Spine|Protosynthesis|[silent]\n|switch|p2a: Slither Wing|Slither Wing|100/100\n|-status|p2a: Slither Wing|psn\n|move|p1a: Muk|Fire Punch|p2a: Slither Wing\n|-supereffective|p2a: Slither Wing\n|-damage|p2a: Slither Wing|67/100 psn\n|-damage|p1a: Muk|84/100|[from] item: Rocky Helmet|[of] p2a: Slither Wing\n|\n|-heal|p1a: Muk|90/100|[from] item: Leftovers\n|-damage|p2a: Slither Wing|55/100 psn|[from] psn\n|upkeep\n|turn|11\n|\n|t:|1765126970\n|switch|p1a: Irony Friends|Irony Friends, M|100/100\n|-terastallize|p2a: Slither Wing|Water\n|move|p2a: Slither Wing|Earthquake|p1a: Irony Friends\n|-supereffective|p1a: Irony Friends\n|-damage|p1a: Irony Friends|55/100\n|\n|-heal|p1a: Irony Friends|62/100|[from] item: Leftovers\n|-damage|p2a: Slither Wing|42/100 psn|[from] psn\n|upkeep\n|turn|12\n|\n|t:|1765126978\n|move|p2a: Slither Wing|U-turn|p1a: Irony Friends\n|-damage|p1a: Irony Friends|38/100\n|\n|t:|1765126983\n|-end|p2a: Slither Wing|Protosynthesis|[silent]\n|switch|p2a: Torkoal|Torkoal, F|33/100|[from] U-turn\n|-status|p2a: Torkoal|psn\n|-weather|SunnyDay|[from] ability: Drought|[of] p2a: Torkoal\n|move|p1a: Irony Friends|Slack Off|p1a: Irony Friends\n|-heal|p1a: Irony Friends|88/100\n|\n|-weather|SunnyDay|[upkeep]\n|-heal|p1a: Irony Friends|94/100|[from] item: Leftovers\n|-damage|p2a: Torkoal|21/100 psn|[from] psn\n|upkeep\n|turn|13\n|\n|t:|1765126994\n|move|p1a: Irony Friends|Flamethrower|p2a: Torkoal\n|-resisted|p2a: Torkoal\n|-damage|p2a: Torkoal|1/100 psn\n|move|p2a: Torkoal|Lava Plume|p1a: Irony Friends\n|-supereffective|p1a: Irony Friends\n|-damage|p1a: Irony Friends|55/100\n|\n|-weather|SunnyDay|[upkeep]\n|-heal|p1a: Irony Friends|61/100|[from] item: Leftovers\n|-damage|p2a: Torkoal|0 fnt|[from] psn\n|faint|p2a: Torkoal\n|upkeep\n|j| The_Shawdoin\n|\n|t:|1765127036\n|switch|p2a: Razor Spine|Razor Spine, F|100/100\n|-activate|p2a: Razor Spine|ability: Protosynthesis\n|-start|p2a: Razor Spine|protosynthesisspe\n|turn|14\n|\n|t:|1765127044\n|-end|p1a: Irony Friends|Quark Drive|[silent]\n|switch|p1a: Reuniclus-Hell|Reuniclus-Hell, M|100/100\n|move|p2a: Razor Spine|Earthquake|p1a: Reuniclus-Hell\n|-damage|p1a: Reuniclus-Hell|65/100\n|\n|-weather|SunnyDay|[upkeep]\n|upkeep\n|turn|15\n|\n|t:|1765127053\n|-end|p2a: Razor Spine|Protosynthesis|[silent]\n|switch|p2a: Abyluxneon|Abyluxneon, F|100/100\n|-status|p2a: Abyluxneon|psn\n|move|p1a: Reuniclus-Hell|Recover|p1a: Reuniclus-Hell\n|-heal|p1a: Reuniclus-Hell|100/100\n|\n|-weather|SunnyDay|[upkeep]\n|-damage|p2a: Abyluxneon|88/100 psn|[from] psn\n|upkeep\n|turn|16\n|\n|t:|1765127059\n|switch|p1a: Toedscruel|Toedscruel, M|66/100\n|move|p2a: Abyluxneon|Moonblast|p1a: Toedscruel\n|-damage|p1a: Toedscruel|48/100\n|-unboost|p1a: Toedscruel|spa|1\n|\n|-weather|SunnyDay|[upkeep]\n|-heal|p2a: Abyluxneon|94/100 psn|[from] item: Leftovers\n|-heal|p1a: Toedscruel|54/100|[from] item: Leftovers\n|-damage|p2a: Abyluxneon|82/100 psn|[from] psn\n|upkeep\n|turn|17\n|\n|t:|1765127063\n|move|p1a: Toedscruel|Protect|p1a: Toedscruel\n|-singleturn|p1a: Toedscruel|Protect\n|move|p2a: Abyluxneon|Ice Beam|p1a: Toedscruel\n|-activate|p1a: Toedscruel|move: Protect\n|\n|-weather|SunnyDay|[upkeep]\n|-heal|p2a: Abyluxneon|88/100 psn|[from] item: Leftovers\n|-heal|p1a: Toedscruel|60/100|[from] item: Leftovers\n|-damage|p2a: Abyluxneon|76/100 psn|[from] psn\n|upkeep\n|turn|18\n|\n|t:|1765127068\n|switch|p1a: Irony Friends|Irony Friends, M|61/100\n|move|p2a: Abyluxneon|Flip Turn|p1a: Irony Friends\n|-damage|p1a: Irony Friends|56/100\n|\n|t:|1765127110\n|switch|p2a: Razor Spine|Razor Spine, F|100/100|[from] Flip Turn\n|-activate|p2a: Razor Spine|ability: Protosynthesis\n|-start|p2a: Razor Spine|protosynthesisspe\n|\n|-weather|SunnyDay|[upkeep]\n|-heal|p1a: Irony Friends|63/100|[from] item: Leftovers\n|upkeep\n|turn|19\n|\n|t:|1765127119\n|-end|p1a: Irony Friends|Quark Drive|[silent]\n|switch|p1a: Toedscruel|Toedscruel, M|60/100\n|move|p2a: Razor Spine|Earthquake|p1a: Toedscruel\n|-resisted|p1a: Toedscruel\n|-damage|p1a: Toedscruel|25/100\n|\n|-weather|none\n|-end|p2a: Razor Spine|Protosynthesis\n|-heal|p1a: Toedscruel|31/100|[from] item: Leftovers\n|upkeep\n|turn|20\n|\n|t:|1765127126\n|move|p1a: Toedscruel|Protect|p1a: Toedscruel\n|-singleturn|p1a: Toedscruel|Protect\n|move|p2a: Razor Spine|Earthquake|p1a: Toedscruel\n|-activate|p1a: Toedscruel|move: Protect\n|\n|-heal|p1a: Toedscruel|37/100|[from] item: Leftovers\n|upkeep\n|turn|21\n|\n|t:|1765127134\n|-end|p2a: Razor Spine|Protosynthesis|[silent]\n|switch|p2a: Terapagos|Terapagos, M|100/100\n|-activate|p2a: Terapagos|ability: Tera Shift\n|detailschange|p2a: Terapagos|Terapagos-Terastal, M\n|-heal|p2a: Terapagos|100/100|[silent]\n|move|p1a: Toedscruel|Earth Power|p2a: Terapagos\n|-activate|p2a: Terapagos|ability: Tera Shell\n|-resisted|p2a: Terapagos\n|-damage|p2a: Terapagos|88/100\n|-unboost|p2a: Terapagos|spd|1\n|\n|-heal|p1a: Toedscruel|43/100|[from] item: Leftovers\n|upkeep\n|turn|22\n|\n|t:|1765127147\n|move|p2a: Terapagos|Calm Mind|p2a: Terapagos\n|-boost|p2a: Terapagos|spa|1\n|-boost|p2a: Terapagos|spd|1\n|move|p1a: Toedscruel|Toxic|p2a: Terapagos\n|-status|p2a: Terapagos|tox\n|\n|-heal|p1a: Toedscruel|49/100|[from] item: Leftovers\n|-damage|p2a: Terapagos|82/100 tox|[from] psn\n|upkeep\n|turn|23\n|c|☆DogeTheNoob|misclick lmfaoo\n|\n|t:|1765127153\n|move|p1a: Toedscruel|Protect|p1a: Toedscruel\n|-singleturn|p1a: Toedscruel|Protect\n|move|p2a: Terapagos|Tera Starstorm|p1a: Toedscruel\n|-activate|p1a: Toedscruel|move: Protect\n|\n|-heal|p1a: Toedscruel|55/100|[from] item: Leftovers\n|-damage|p2a: Terapagos|70/100 tox|[from] psn\n|upkeep\n|turn|24\n|\n|t:|1765127158\n|switch|p1a: Irony Friends|Irony Friends, M|63/100\n|move|p2a: Terapagos|Tera Starstorm|p1a: Irony Friends\n|-resisted|p1a: Irony Friends\n|-damage|p1a: Irony Friends|39/100\n|\n|-heal|p1a: Irony Friends|45/100|[from] item: Leftovers\n|-damage|p2a: Terapagos|52/100 tox|[from] psn\n|upkeep\n|turn|25\n|\n|t:|1765127161\n|-end|p1a: Irony Friends|Quark Drive|[silent]\n|switch|p1a: Toedscruel|Toedscruel, M|55/100\n|move|p2a: Terapagos|Earth Power|p1a: Toedscruel\n|-resisted|p1a: Toedscruel\n|-damage|p1a: Toedscruel|42/100\n|\n|-heal|p1a: Toedscruel|48/100|[from] item: Leftovers\n|-damage|p2a: Terapagos|28/100 tox|[from] psn\n|upkeep\n|turn|26\n|\n|t:|1765127177\n|switch|p2a: Razor Spine|Razor Spine, F|100/100\n|move|p1a: Toedscruel|Protect||[still]\n|-fail|p1a: Toedscruel\n|\n|-heal|p1a: Toedscruel|54/100|[from] item: Leftovers\n|upkeep\n|turn|27\n|\n|t:|1765127190\n|move|p1a: Toedscruel|Protect|p1a: Toedscruel\n|-singleturn|p1a: Toedscruel|Protect\n|move|p2a: Razor Spine|Meteor Mash|p1a: Toedscruel\n|-activate|p1a: Toedscruel|move: Protect\n|\n|-heal|p1a: Toedscruel|60/100|[from] item: Leftovers\n|upkeep\n|turn|28\n|\n|t:|1765127199\n|-end|p2a: Razor Spine|Protosynthesis|[silent]\n|switch|p2a: Slither Wing|Slither Wing, tera:Water|42/100 psn\n|move|p1a: Toedscruel|Earth Power|p2a: Slither Wing\n|-damage|p2a: Slither Wing|21/100 psn\n|\n|-heal|p1a: Toedscruel|66/100|[from] item: Leftovers\n|-damage|p2a: Slither Wing|8/100 psn|[from] psn\n|upkeep\n|turn|29\n|\n|t:|1765127205\n|move|p1a: Toedscruel|Protect|p1a: Toedscruel\n|-singleturn|p1a: Toedscruel|Protect\n|move|p2a: Slither Wing|Morning Sun|p2a: Slither Wing\n|-heal|p2a: Slither Wing|58/100 psn\n|\n|-heal|p1a: Toedscruel|72/100|[from] item: Leftovers\n|-damage|p2a: Slither Wing|46/100 psn|[from] psn\n|upkeep\n|turn|30\n|\n|t:|1765127210\n|switch|p1a: Muk|Muk, F|90/100\n|move|p2a: Slither Wing|U-turn|p1a: Muk\n|-resisted|p1a: Muk\n|-damage|p1a: Muk|69/100\n|\n|t:|1765127213\n|-end|p2a: Slither Wing|Protosynthesis|[silent]\n|switch|p2a: Razor Spine|Razor Spine, F|100/100|[from] U-turn\n|\n|-heal|p1a: Muk|75/100|[from] item: Leftovers\n|upkeep\n|turn|31\n|\n|t:|1765127233\n|move|p2a: Razor Spine|Earthquake|p1a: Muk\n|-supereffective|p1a: Muk\n|-damage|p1a: Muk|0 fnt\n|faint|p1a: Muk\n|\n|upkeep\n|\n|t:|1765127246\n|switch|p1a: Reuniclus-Hell|Reuniclus-Hell, M|100/100\n|turn|32\n|\n|t:|1765127272\n|-end|p2a: Razor Spine|Protosynthesis|[silent]\n|switch|p2a: Terapagos|Terapagos-Terastal, M|28/100 tox\n|move|p1a: Reuniclus-Hell|Cotton Guard|p1a: Reuniclus-Hell\n|-boost|p1a: Reuniclus-Hell|def|3\n|\n|-damage|p2a: Terapagos|22/100 tox|[from] psn\n|upkeep\n|turn|33\n|\n|t:|1765127277\n|move|p2a: Terapagos|Tera Starstorm|p1a: Reuniclus-Hell\n|-damage|p1a: Reuniclus-Hell|45/100\n|move|p1a: Reuniclus-Hell|Recover|p1a: Reuniclus-Hell\n|-heal|p1a: Reuniclus-Hell|95/100\n|\n|-damage|p2a: Terapagos|10/100 tox|[from] psn\n|upkeep\n|turn|34\n|\n|t:|1765127281\n|move|p2a: Terapagos|Tera Starstorm|p1a: Reuniclus-Hell\n|-damage|p1a: Reuniclus-Hell|40/100\n|move|p1a: Reuniclus-Hell|Recover|p1a: Reuniclus-Hell\n|-heal|p1a: Reuniclus-Hell|90/100\n|\n|-damage|p2a: Terapagos|0 fnt|[from] psn\n|faint|p2a: Terapagos\n|upkeep\n|\n|t:|1765127288\n|switch|p2a: Abyluxneon|Abyluxneon, F|76/100 psn\n|turn|35\n|\n|t:|1765127292\n|move|p2a: Abyluxneon|Ice Beam|p1a: Reuniclus-Hell\n|-damage|p1a: Reuniclus-Hell|74/100\n|-status|p1a: Reuniclus-Hell|frz\n|-curestatus|p1a: Reuniclus-Hell|frz|[msg]\n|move|p1a: Reuniclus-Hell|Recover|p1a: Reuniclus-Hell\n|-heal|p1a: Reuniclus-Hell|100/100\n|\n|-heal|p2a: Abyluxneon|82/100 psn|[from] item: Leftovers\n|-damage|p2a: Abyluxneon|69/100 psn|[from] psn\n|upkeep\n|turn|36\n|\n|t:|1765127297\n|move|p2a: Abyluxneon|Ice Beam|p1a: Reuniclus-Hell\n|-damage|p1a: Reuniclus-Hell|83/100\n|move|p1a: Reuniclus-Hell|Cotton Guard|p1a: Reuniclus-Hell\n|-boost|p1a: Reuniclus-Hell|def|3\n|\n|-heal|p2a: Abyluxneon|76/100 psn|[from] item: Leftovers\n|-damage|p2a: Abyluxneon|63/100 psn|[from] psn\n|upkeep\n|turn|37\n|\n|t:|1765127301\n|move|p2a: Abyluxneon|Ice Beam|p1a: Reuniclus-Hell\n|-damage|p1a: Reuniclus-Hell|65/100\n|move|p1a: Reuniclus-Hell|Recover|p1a: Reuniclus-Hell\n|-heal|p1a: Reuniclus-Hell|100/100\n|\n|-heal|p2a: Abyluxneon|69/100 psn|[from] item: Leftovers\n|-damage|p2a: Abyluxneon|57/100 psn|[from] psn\n|upkeep\n|turn|38\n|\n|t:|1765127304\n|move|p2a: Abyluxneon|Ice Beam|p1a: Reuniclus-Hell\n|-damage|p1a: Reuniclus-Hell|84/100\n|move|p1a: Reuniclus-Hell|Night Shade|p2a: Abyluxneon\n|-damage|p2a: Abyluxneon|30/100 psn\n|\n|-heal|p2a: Abyluxneon|36/100 psn|[from] item: Leftovers\n|-damage|p2a: Abyluxneon|24/100 psn|[from] psn\n|upkeep\n|turn|39\n|\n|t:|1765127308\n|move|p2a: Abyluxneon|Moonlight|p2a: Abyluxneon\n|-heal|p2a: Abyluxneon|73/100 psn\n|move|p1a: Reuniclus-Hell|Night Shade|p2a: Abyluxneon\n|-damage|p2a: Abyluxneon|46/100 psn\n|\n|-heal|p2a: Abyluxneon|53/100 psn|[from] item: Leftovers\n|-damage|p2a: Abyluxneon|40/100 psn|[from] psn\n|upkeep\n|turn|40\n|\n|t:|1765127311\n|move|p2a: Abyluxneon|Moonlight|p2a: Abyluxneon\n|-heal|p2a: Abyluxneon|90/100 psn\n|move|p1a: Reuniclus-Hell|Night Shade|p2a: Abyluxneon\n|-damage|p2a: Abyluxneon|63/100 psn\n|\n|-heal|p2a: Abyluxneon|69/100 psn|[from] item: Leftovers\n|-damage|p2a: Abyluxneon|57/100 psn|[from] psn\n|upkeep\n|turn|41\n|\n|t:|1765127314\n|move|p2a: Abyluxneon|Ice Beam|p1a: Reuniclus-Hell\n|-damage|p1a: Reuniclus-Hell|65/100\n|move|p1a: Reuniclus-Hell|Night Shade|p2a: Abyluxneon\n|-damage|p2a: Abyluxneon|29/100 psn\n|\n|-heal|p2a: Abyluxneon|36/100 psn|[from] item: Leftovers\n|-damage|p2a: Abyluxneon|23/100 psn|[from] psn\n|upkeep\n|turn|42\n|\n|t:|1765127318\n|move|p2a: Abyluxneon|Moonlight|p2a: Abyluxneon\n|-heal|p2a: Abyluxneon|73/100 psn\n|move|p1a: Reuniclus-Hell|Recover|p1a: Reuniclus-Hell\n|-heal|p1a: Reuniclus-Hell|100/100\n|\n|-heal|p2a: Abyluxneon|79/100 psn|[from] item: Leftovers\n|-damage|p2a: Abyluxneon|67/100 psn|[from] psn\n|upkeep\n|turn|43\n|\n|t:|1765127321\n|move|p2a: Abyluxneon|Ice Beam|p1a: Reuniclus-Hell\n|-damage|p1a: Reuniclus-Hell|83/100\n|move|p1a: Reuniclus-Hell|Night Shade|p2a: Abyluxneon\n|-damage|p2a: Abyluxneon|40/100 psn\n|\n|-heal|p2a: Abyluxneon|46/100 psn|[from] item: Leftovers\n|-damage|p2a: Abyluxneon|34/100 psn|[from] psn\n|upkeep\n|turn|44\n|\n|t:|1765127324\n|move|p2a: Abyluxneon|Moonlight|p2a: Abyluxneon\n|-heal|p2a: Abyluxneon|83/100 psn\n|move|p1a: Reuniclus-Hell|Night Shade|p2a: Abyluxneon\n|-damage|p2a: Abyluxneon|56/100 psn\n|\n|-heal|p2a: Abyluxneon|63/100 psn|[from] item: Leftovers\n|-damage|p2a: Abyluxneon|50/100 psn|[from] psn\n|upkeep\n|turn|45\n|\n|t:|1765127329\n|move|p2a: Abyluxneon|Ice Beam|p1a: Reuniclus-Hell\n|-damage|p1a: Reuniclus-Hell|64/100\n|move|p1a: Reuniclus-Hell|Night Shade|p2a: Abyluxneon\n|-damage|p2a: Abyluxneon|23/100 psn\n|\n|-heal|p2a: Abyluxneon|29/100 psn|[from] item: Leftovers\n|-damage|p2a: Abyluxneon|17/100 psn|[from] psn\n|upkeep\n|turn|46\n|\n|t:|1765127333\n|move|p2a: Abyluxneon|Moonlight|p2a: Abyluxneon\n|-heal|p2a: Abyluxneon|67/100 psn\n|move|p1a: Reuniclus-Hell|Night Shade|p2a: Abyluxneon\n|-damage|p2a: Abyluxneon|40/100 psn\n|\n|-heal|p2a: Abyluxneon|46/100 psn|[from] item: Leftovers\n|-damage|p2a: Abyluxneon|33/100 psn|[from] psn\n|upkeep\n|turn|47\n|\n|t:|1765127336\n|move|p2a: Abyluxneon|Moonlight|p2a: Abyluxneon\n|-heal|p2a: Abyluxneon|83/100 psn\n|move|p1a: Reuniclus-Hell|Recover|p1a: Reuniclus-Hell\n|-heal|p1a: Reuniclus-Hell|100/100\n|\n|-heal|p2a: Abyluxneon|89/100 psn|[from] item: Leftovers\n|-damage|p2a: Abyluxneon|77/100 psn|[from] psn\n|upkeep\n|turn|48\n|\n|t:|1765127338\n|move|p2a: Abyluxneon|Ice Beam|p1a: Reuniclus-Hell\n|-damage|p1a: Reuniclus-Hell|84/100\n|-status|p1a: Reuniclus-Hell|frz\n|cant|p1a: Reuniclus-Hell|frz\n|\n|-heal|p2a: Abyluxneon|83/100 psn|[from] item: Leftovers\n|-damage|p2a: Abyluxneon|71/100 psn|[from] psn\n|upkeep\n|turn|49\n|j|~SparksTheNeo\n|\n|t:|1765127346\n|switch|p2a: Razor Spine|Razor Spine, F|100/100\n|cant|p1a: Reuniclus-Hell|frz\n|\n|upkeep\n|turn|50\n|\n|t:|1765127349\n|move|p2a: Razor Spine|Meteor Mash|p1a: Reuniclus-Hell\n|-supereffective|p1a: Reuniclus-Hell\n|-damage|p1a: Reuniclus-Hell|59/100 frz\n|-boost|p2a: Razor Spine|atk|1\n|-damage|p2a: Razor Spine|84/100|[from] item: Rocky Helmet|[of] p1a: Reuniclus-Hell\n|-curestatus|p1a: Reuniclus-Hell|frz|[msg]\n|move|p1a: Reuniclus-Hell|Night Shade|p2a: Razor Spine\n|-damage|p2a: Razor Spine|53/100\n|\n|upkeep\n|turn|51\n|\n|t:|1765127356\n|move|p2a: Razor Spine|Meteor Mash|p1a: Reuniclus-Hell\n|-supereffective|p1a: Reuniclus-Hell\n|-damage|p1a: Reuniclus-Hell|20/100\n|-damage|p2a: Razor Spine|37/100|[from] item: Rocky Helmet|[of] p1a: Reuniclus-Hell\n|move|p1a: Reuniclus-Hell|Recover|p1a: Reuniclus-Hell\n|-heal|p1a: Reuniclus-Hell|70/100\n|\n|upkeep\n|turn|52\n|\n|t:|1765127363\n|move|p2a: Razor Spine|Meteor Mash|p1a: Reuniclus-Hell\n|-supereffective|p1a: Reuniclus-Hell\n|-damage|p1a: Reuniclus-Hell|31/100\n|-boost|p2a: Razor Spine|atk|1\n|-damage|p2a: Razor Spine|20/100|[from] item: Rocky Helmet|[of] p1a: Reuniclus-Hell\n|move|p1a: Reuniclus-Hell|Night Shade|p2a: Razor Spine\n|-damage|p2a: Razor Spine|0 fnt\n|faint|p2a: Razor Spine\n|-end|p2a: Razor Spine|Protosynthesis|[silent]\n|\n|upkeep\n|\n|t:|1765127371\n|switch|p2a: Abyluxneon|Abyluxneon, F|71/100 psn\n|turn|53\n|\n|t:|1765127378\n|move|p2a: Abyluxneon|Ice Beam|p1a: Reuniclus-Hell\n|-damage|p1a: Reuniclus-Hell|13/100\n|move|p1a: Reuniclus-Hell|Night Shade|p2a: Abyluxneon\n|-damage|p2a: Abyluxneon|44/100 psn\n|\n|-heal|p2a: Abyluxneon|50/100 psn|[from] item: Leftovers\n|-damage|p2a: Abyluxneon|37/100 psn|[from] psn\n|upkeep\n|turn|54\n|\n|t:|1765127382\n|move|p2a: Abyluxneon|Moonlight|p2a: Abyluxneon\n|-heal|p2a: Abyluxneon|87/100 psn\n|move|p1a: Reuniclus-Hell|Night Shade|p2a: Abyluxneon\n|-damage|p2a: Abyluxneon|60/100 psn\n|\n|-heal|p2a: Abyluxneon|66/100 psn|[from] item: Leftovers\n|-damage|p2a: Abyluxneon|54/100 psn|[from] psn\n|upkeep\n|turn|55\n|\n|t:|1765127386\n|move|p2a: Abyluxneon|Ice Beam|p1a: Reuniclus-Hell\n|-damage|p1a: Reuniclus-Hell|0 fnt\n|faint|p1a: Reuniclus-Hell\n|\n|-heal|p2a: Abyluxneon|60/100 psn|[from] item: Leftovers\n|-damage|p2a: Abyluxneon|48/100 psn|[from] psn\n|upkeep\n|\n|t:|1765127389\n|switch|p1a: Irony Friends|Irony Friends, M|45/100\n|turn|56\n|\n|t:|1765127403\n|move|p2a: Abyluxneon|Moonblast|p1a: Irony Friends\n|-resisted|p1a: Irony Friends\n|-damage|p1a: Irony Friends|38/100\n|move|p1a: Irony Friends|Slack Off|p1a: Irony Friends\n|-heal|p1a: Irony Friends|88/100\n|\n|-heal|p2a: Abyluxneon|54/100 psn|[from] item: Leftovers\n|-heal|p1a: Irony Friends|94/100|[from] item: Leftovers\n|-damage|p2a: Abyluxneon|41/100 psn|[from] psn\n|upkeep\n|turn|57\n|\n|t:|1765127408\n|move|p2a: Abyluxneon|Ice Beam|p1a: Irony Friends\n|-resisted|p1a: Irony Friends\n|-damage|p1a: Irony Friends|90/100\n|move|p1a: Irony Friends|Iron Defense|p1a: Irony Friends\n|-boost|p1a: Irony Friends|def|2\n|\n|-heal|p2a: Abyluxneon|48/100 psn|[from] item: Leftovers\n|-heal|p1a: Irony Friends|96/100|[from] item: Leftovers\n|-damage|p2a: Abyluxneon|35/100 psn|[from] psn\n|upkeep\n|turn|58\n|\n|t:|1765127414\n|move|p2a: Abyluxneon|Ice Beam|p1a: Irony Friends\n|-resisted|p1a: Irony Friends\n|-damage|p1a: Irony Friends|91/100\n|move|p1a: Irony Friends|Iron Defense|p1a: Irony Friends\n|-boost|p1a: Irony Friends|def|2\n|\n|-heal|p2a: Abyluxneon|41/100 psn|[from] item: Leftovers\n|-heal|p1a: Irony Friends|97/100|[from] item: Leftovers\n|-damage|p2a: Abyluxneon|29/100 psn|[from] psn\n|upkeep\n|turn|59\n|\n|t:|1765127418\n|move|p2a: Abyluxneon|Ice Beam|p1a: Irony Friends\n|-resisted|p1a: Irony Friends\n|-damage|p1a: Irony Friends|93/100\n|move|p1a: Irony Friends|Flamethrower|p2a: Abyluxneon\n|-resisted|p2a: Abyluxneon\n|-damage|p2a: Abyluxneon|21/100 psn\n|\n|-heal|p2a: Abyluxneon|27/100 psn|[from] item: Leftovers\n|-heal|p1a: Irony Friends|99/100|[from] item: Leftovers\n|-damage|p2a: Abyluxneon|14/100 psn|[from] psn\n|upkeep\n|turn|60\n|\n|t:|1765127422\n|move|p2a: Abyluxneon|Ice Beam|p1a: Irony Friends\n|-resisted|p1a: Irony Friends\n|-damage|p1a: Irony Friends|95/100\n|move|p1a: Irony Friends|Flamethrower|p2a: Abyluxneon\n|-resisted|p2a: Abyluxneon\n|-damage|p2a: Abyluxneon|7/100 psn\n|\n|-heal|p2a: Abyluxneon|13/100 psn|[from] item: Leftovers\n|-heal|p1a: Irony Friends|100/100|[from] item: Leftovers\n|-damage|p2a: Abyluxneon|0 fnt|[from] psn\n|faint|p2a: Abyluxneon\n|upkeep\n|\n|t:|1765127428\n|switch|p2a: Slither Wing|Slither Wing, tera:Water|46/100 psn\n|turn|61\n|\n|t:|1765127433\n|move|p2a: Slither Wing|Earthquake|p1a: Irony Friends\n|-supereffective|p1a: Irony Friends\n|-damage|p1a: Irony Friends|83/100\n|move|p1a: Irony Friends|Flamethrower|p2a: Slither Wing\n|-resisted|p2a: Slither Wing\n|-damage|p2a: Slither Wing|36/100 psn\n|\n|-heal|p1a: Irony Friends|89/100|[from] item: Leftovers\n|-damage|p2a: Slither Wing|23/100 psn|[from] psn\n|upkeep\n|turn|62\n|\n|t:|1765127436\n|move|p2a: Slither Wing|Morning Sun|p2a: Slither Wing\n|-heal|p2a: Slither Wing|73/100 psn\n|move|p1a: Irony Friends|Flamethrower|p2a: Slither Wing\n|-resisted|p2a: Slither Wing\n|-damage|p2a: Slither Wing|64/100 psn\n|\n|-heal|p1a: Irony Friends|96/100|[from] item: Leftovers\n|-damage|p2a: Slither Wing|52/100 psn|[from] psn\n|upkeep\n|turn|63\n|\n|t:|1765127440\n|move|p2a: Slither Wing|Earthquake|p1a: Irony Friends\n|-supereffective|p1a: Irony Friends\n|-damage|p1a: Irony Friends|79/100\n|move|p1a: Irony Friends|Iron Defense|p1a: Irony Friends\n|-boost|p1a: Irony Friends|def|2\n|\n|-heal|p1a: Irony Friends|85/100|[from] item: Leftovers\n|-damage|p2a: Slither Wing|40/100 psn|[from] psn\n|upkeep\n|turn|64\n|\n|t:|1765127444\n|move|p2a: Slither Wing|Morning Sun|p2a: Slither Wing\n|-heal|p2a: Slither Wing|90/100 psn\n|move|p1a: Irony Friends|Flamethrower|p2a: Slither Wing\n|-resisted|p2a: Slither Wing\n|-damage|p2a: Slither Wing|80/100 psn\n|\n|-heal|p1a: Irony Friends|92/100|[from] item: Leftovers\n|-damage|p2a: Slither Wing|68/100 psn|[from] psn\n|upkeep\n|turn|65\n|\n|t:|1765127446\n|move|p2a: Slither Wing|Earthquake|p1a: Irony Friends\n|-supereffective|p1a: Irony Friends\n|-damage|p1a: Irony Friends|79/100\n|move|p1a: Irony Friends|Flamethrower|p2a: Slither Wing\n|-resisted|p2a: Slither Wing\n|-damage|p2a: Slither Wing|58/100 psn\n|\n|-heal|p1a: Irony Friends|85/100|[from] item: Leftovers\n|-damage|p2a: Slither Wing|46/100 psn|[from] psn\n|upkeep\n|turn|66\n|\n|t:|1765127449\n|move|p2a: Slither Wing|Morning Sun|p2a: Slither Wing\n|-heal|p2a: Slither Wing|96/100 psn\n|move|p1a: Irony Friends|Flamethrower|p2a: Slither Wing\n|-resisted|p2a: Slither Wing\n|-damage|p2a: Slither Wing|86/100 psn\n|\n|-heal|p1a: Irony Friends|92/100|[from] item: Leftovers\n|-damage|p2a: Slither Wing|74/100 psn|[from] psn\n|upkeep\n|turn|67\n|\n|t:|1765127452\n|move|p2a: Slither Wing|Earthquake|p1a: Irony Friends\n|-supereffective|p1a: Irony Friends\n|-damage|p1a: Irony Friends|80/100\n|move|p1a: Irony Friends|Slack Off|p1a: Irony Friends\n|-heal|p1a: Irony Friends|100/100\n|\n|-damage|p2a: Slither Wing|62/100 psn|[from] psn\n|upkeep\n|turn|68\n|\n|t:|1765127454\n|move|p2a: Slither Wing|Earthquake|p1a: Irony Friends\n|-supereffective|p1a: Irony Friends\n|-damage|p1a: Irony Friends|88/100\n|move|p1a: Irony Friends|Flamethrower|p2a: Slither Wing\n|-resisted|p2a: Slither Wing\n|-damage|p2a: Slither Wing|52/100 psn\n|\n|-heal|p1a: Irony Friends|94/100|[from] item: Leftovers\n|-damage|p2a: Slither Wing|40/100 psn|[from] psn\n|upkeep\n|turn|69\n|\n|t:|1765127457\n|move|p2a: Slither Wing|Morning Sun|p2a: Slither Wing\n|-heal|p2a: Slither Wing|90/100 psn\n|move|p1a: Irony Friends|Flamethrower|p2a: Slither Wing\n|-resisted|p2a: Slither Wing\n|-damage|p2a: Slither Wing|80/100 psn\n|\n|-heal|p1a: Irony Friends|99/100|[from] item: Leftovers\n|-damage|p2a: Slither Wing|68/100 psn|[from] psn\n|upkeep\n|turn|70\n|\n|t:|1765127459\n|move|p2a: Slither Wing|Earthquake|p1a: Irony Friends\n|-supereffective|p1a: Irony Friends\n|-damage|p1a: Irony Friends|88/100\n|move|p1a: Irony Friends|Flamethrower|p2a: Slither Wing\n|-resisted|p2a: Slither Wing\n|-damage|p2a: Slither Wing|59/100 psn\n|\n|-heal|p1a: Irony Friends|95/100|[from] item: Leftovers\n|-damage|p2a: Slither Wing|46/100 psn|[from] psn\n|upkeep\n|turn|71\n|\n|t:|1765127462\n|move|p2a: Slither Wing|Morning Sun|p2a: Slither Wing\n|-heal|p2a: Slither Wing|96/100 psn\n|move|p1a: Irony Friends|Flamethrower|p2a: Slither Wing\n|-resisted|p2a: Slither Wing\n|-damage|p2a: Slither Wing|86/100 psn\n|\n|-heal|p1a: Irony Friends|100/100|[from] item: Leftovers\n|-damage|p2a: Slither Wing|74/100 psn|[from] psn\n|upkeep\n|turn|72\n|\n|t:|1765127464\n|move|p2a: Slither Wing|Earthquake|p1a: Irony Friends\n|-supereffective|p1a: Irony Friends\n|-damage|p1a: Irony Friends|88/100\n|move|p1a: Irony Friends|Flamethrower|p2a: Slither Wing\n|-resisted|p2a: Slither Wing\n|-damage|p2a: Slither Wing|64/100 psn\n|\n|-heal|p1a: Irony Friends|95/100|[from] item: Leftovers\n|-damage|p2a: Slither Wing|52/100 psn|[from] psn\n|upkeep\n|turn|73\n|\n|t:|1765127468\n|move|p2a: Slither Wing|Earthquake|p1a: Irony Friends\n|-supereffective|p1a: Irony Friends\n|-damage|p1a: Irony Friends|83/100\n|move|p1a: Irony Friends|Flamethrower|p2a: Slither Wing\n|-resisted|p2a: Slither Wing\n|-damage|p2a: Slither Wing|42/100 psn\n|\n|-heal|p1a: Irony Friends|89/100|[from] item: Leftovers\n|-damage|p2a: Slither Wing|30/100 psn|[from] psn\n|upkeep\n|turn|74\n|l|~SparksTheNeo\n|\n|t:|1765127472\n|move|p2a: Slither Wing|Morning Sun|p2a: Slither Wing\n|-heal|p2a: Slither Wing|80/100 psn\n|move|p1a: Irony Friends|Slack Off|p1a: Irony Friends\n|-heal|p1a: Irony Friends|100/100\n|\n|-damage|p2a: Slither Wing|68/100 psn|[from] psn\n|upkeep\n|turn|75\n|\n|t:|1765127475\n|move|p2a: Slither Wing|Earthquake|p1a: Irony Friends\n|-supereffective|p1a: Irony Friends\n|-damage|p1a: Irony Friends|88/100\n|move|p1a: Irony Friends|Flamethrower|p2a: Slither Wing\n|-resisted|p2a: Slither Wing\n|-damage|p2a: Slither Wing|58/100 psn\n|\n|-heal|p1a: Irony Friends|95/100|[from] item: Leftovers\n|-damage|p2a: Slither Wing|45/100 psn|[from] psn\n|upkeep\n|turn|76\n|\n|t:|1765127478\n|move|p2a: Slither Wing|Morning Sun|p2a: Slither Wing\n|-heal|p2a: Slither Wing|95/100 psn\n|move|p1a: Irony Friends|Flamethrower|p2a: Slither Wing\n|-resisted|p2a: Slither Wing\n|-crit|p2a: Slither Wing\n|-damage|p2a: Slither Wing|79/100 psn\n|\n|-heal|p1a: Irony Friends|100/100|[from] item: Leftovers\n|-damage|p2a: Slither Wing|67/100 psn|[from] psn\n|upkeep\n|turn|77\n|c|☆DogeTheNoob|not a single crit is crazy\n|c|☆DogeTheNoob|there it is\n|\n|t:|1765127488\n|move|p2a: Slither Wing|Earthquake|p1a: Irony Friends\n|-supereffective|p1a: Irony Friends\n|-damage|p1a: Irony Friends|89/100\n|move|p1a: Irony Friends|Flamethrower|p2a: Slither Wing\n|-resisted|p2a: Slither Wing\n|-damage|p2a: Slither Wing|58/100 psn\n|\n|-heal|p1a: Irony Friends|96/100|[from] item: Leftovers\n|-damage|p2a: Slither Wing|46/100 psn|[from] psn\n|upkeep\n|turn|78\n|c|☆GamerNotFound2025|It doesn't kill\n|\n|t:|1765127493\n|move|p2a: Slither Wing|Earthquake|p1a: Irony Friends\n|-supereffective|p1a: Irony Friends\n|-damage|p1a: Irony Friends|84/100\n|move|p1a: Irony Friends|Slack Off|p1a: Irony Friends\n|-heal|p1a: Irony Friends|100/100\n|\n|-damage|p2a: Slither Wing|33/100 psn|[from] psn\n|upkeep\n|turn|79\n|\n|t:|1765127498\n|move|p2a: Slither Wing|Earthquake|p1a: Irony Friends\n|-supereffective|p1a: Irony Friends\n|-damage|p1a: Irony Friends|89/100\n|move|p1a: Irony Friends|Slack Off|p1a: Irony Friends\n|-heal|p1a: Irony Friends|100/100\n|\n|-damage|p2a: Slither Wing|21/100 psn|[from] psn\n|upkeep\n|turn|80\n|\n|t:|1765127500\n|move|p2a: Slither Wing|Earthquake|p1a: Irony Friends\n|-supereffective|p1a: Irony Friends\n|-damage|p1a: Irony Friends|89/100\n|move|p1a: Irony Friends|Flamethrower|p2a: Slither Wing\n|-resisted|p2a: Slither Wing\n|-damage|p2a: Slither Wing|12/100 psn\n|\n|-heal|p1a: Irony Friends|96/100|[from] item: Leftovers\n|-damage|p2a: Slither Wing|0 fnt|[from] psn\n|faint|p2a: Slither Wing\n|-end|p2a: Slither Wing|Protosynthesis|[silent]\n|\n|win|GamerNotFound2025\n|c|☆GamerNotFound2025|Gg\n|c|☆DogeTheNoob|gg\n","players":["GamerNotFound2025","DogeTheNoob"],"format":"[Gen 9] NatDex Draft","rating":null,"private":1,"password":"fubjn6jat9d0tm48svdkk36fdmhtsym","inputlog":">version 410298541a4f39e57734b9bac268a67abbacfb75\n>start {\"formatid\":\"gen9natdexdraft@@@Tera Type Preview\",\"seed\":\"sodium,903711c443306d75124e8240eb680525\"}\n>player p1 {\"name\":\"GamerNotFound2025\",\"avatar\":\"101\",\"team\":\"Reuniclus-Hell||RockyHelmet|MagicGuard|NightShade,CottonGuard,Recover,Toxic|Bold|252,,252,,4,|M|,0,,,,|||,,,,,Normal]Roaring Moon||HeavyDutyBoots|Protosynthesis|KnockOff,DragonClaw,Taunt,Roost|Jolly|252,,,,4,252|N||||,,,,,Dragon]Ceruledge||HeavyDutyBoots|WeakArmor|BitterBlade,DragonClaw,Substitute,BulkUp|Adamant|252,56,,,,200|F||||,,,,,Dragon]Muk||Leftovers|Stench|PoisonJab,FirePunch,SleepTalk,Rest|Careful|252,,4,,252,|F||||,,,,,Poison]Toedscruel||Leftovers|MyceliumMight|EarthPower,ToxicSpikes,Toxic,Protect|Calm|252,,,4,252,|M|,0,,,,|||,,,,,Ground]Irony Friends||Leftovers|QuarkDrive|Toxic,Flamethrower,SlackOff,IronDefense|Calm|252,,4,,252,|M|,0,,,,|||,,,,,Psychic\",\"rating\":0}\n>player p2 {\"name\":\"DogeTheNoob\",\"avatar\":\"102\",\"team\":\"Gouging Fire||Leftovers|Protosynthesis|Earthquake,DragonClaw,DragonDance,MorningSun|Adamant|136,232,,,,140|N||||,Fighting,,,,Fire]Torkoal||HeatRock|Drought|StealthRock,RapidSpin,LavaPlume,EarthPower|Bold|248,,252,8,,|F||||,,,,,Fire]Slither Wing||RockyHelmet|Protosynthesis|CloseCombat,Uturn,Earthquake,MorningSun|Adamant|252,104,152,,,|N||||,,,,,Water]Razor Spine||ChoiceBand|Protosynthesis|CloseCombat,ShadowClaw,MeteorMash,Earthquake|Jolly|,252,,,4,252|F||||,,,,,Steel]Terapagos||HeavyDutyBoots|TeraShift|RockPolish,TeraStarstorm,CalmMind,EarthPower|Modest|16,,,252,8,232|M|,15,,,,|||,Dark,,,,Stellar]Abyluxneon||Leftovers|StormDrain|IceBeam,FlipTurn,Moonlight,Moonblast|Calm|248,,84,8,168,|F||||,,,,,Steel\",\"rating\":0}\n>chat ☆DogeTheNoob|gl gl\n>chat ☆GamerNotFound2025|Hf\n>p1 team 5, 2, 3, 4, 1, 6\n>p2 team 2, 1, 3, 4, 5, 6\n>p1 move toxicspikes\n>p2 move lavaplume\n>p1 move earthpower\n>p2 move rapidspin\n>p1 move toxicspikes\n>p2 switch 3\n>p1 move protect\n>p2 move uturn\n>p1 switch 3\n>p2 move uturn\n>p2 switch 2\n>p1 move substitute\n>p2 move earthquake\n>p1 move dragonclaw terastallize\n>p2 move earthquake\n>p1 switch 2\n>p1 move knockoff\n>p2 move dragonclaw\n>p2 switch 4\n>p1 move knockoff\n>p2 move closecombat\n>p1 switch 4\n>p1 move firepunch\n>p2 switch 2\n>p1 switch 6\n>p2 move earthquake terastallize\n>p1 move slackoff\n>p2 move uturn\n>p2 switch 3\n>p1 move flamethrower\n>p2 move lavaplume\n>p2 switch 2\n>p1 switch 5\n>p2 move earthquake\n>p1 move recover\n>p2 switch 6\n>p1 switch 3\n>p2 move moonblast\n>p1 move protect\n>p2 move icebeam\n>p1 switch 5\n>p2 move flipturn\n>p2 switch 6\n>p1 switch 5\n>p2 move earthquake\n>p1 move protect\n>p2 move earthquake\n>p1 move earthpower\n>p2 switch 5\n>p1 move toxic\n>p2 move calmmind\n>chat ☆DogeTheNoob|misclick lmfaoo\n>p1 move protect\n>p2 move terastarstorm\n>p1 switch 5\n>p2 move terastarstorm\n>p1 switch 5\n>p2 move earthpower\n>p1 move protect\n>p2 switch 5\n>p1 move protect\n>p2 move meteormash\n>p1 move earthpower\n>p2 switch 3\n>p1 move protect\n>p2 move morningsun\n>p1 switch 6\n>p2 move uturn\n>p2 switch 3\n>p1 move firepunch\n>p2 move earthquake\n>p1 switch 3\n>p1 move cottonguard\n>p2 switch 5\n>p1 move recover\n>p2 move terastarstorm\n>p1 move recover\n>p2 move terastarstorm\n>p2 switch 6\n>p1 move recover\n>p2 move icebeam\n>p1 move cottonguard\n>p2 move icebeam\n>p1 move recover\n>p2 move icebeam\n>p1 move nightshade\n>p2 move icebeam\n>p1 move nightshade\n>p2 move moonlight\n>p1 move nightshade\n>p2 move moonlight\n>p1 move nightshade\n>p2 move icebeam\n>p1 move recover\n>p2 move moonlight\n>p1 move nightshade\n>p2 move icebeam\n>p1 move nightshade\n>p2 move moonlight\n>p1 move nightshade\n>p2 move icebeam\n>p1 move nightshade\n>p2 move moonlight\n>p1 move recover\n>p2 move moonlight\n>p1 move nightshade\n>p2 move icebeam\n>p1 move recover\n>p2 switch 5\n>p1 move nightshade\n>p2 move meteormash\n>p1 move recover\n>p2 move meteormash\n>p1 move nightshade\n>p2 move meteormash\n>p2 switch 5\n>p1 move nightshade\n>p2 move icebeam\n>p1 move nightshade\n>p2 move moonlight\n>p1 move nightshade\n>p2 move icebeam\n>p1 switch 5\n>p1 move slackoff\n>p2 move moonblast\n>p1 move irondefense\n>p2 move icebeam\n>p1 move irondefense\n>p2 move icebeam\n>p1 move flamethrower\n>p2 move icebeam\n>p1 move flamethrower\n>p2 move icebeam\n>p2 switch 3\n>p1 move flamethrower\n>p2 move earthquake\n>p1 move flamethrower\n>p2 move morningsun\n>p1 move irondefense\n>p2 move earthquake\n>p1 move flamethrower\n>p2 move morningsun\n>p1 move flamethrower\n>p2 move earthquake\n>p1 move flamethrower\n>p2 move morningsun\n>p1 move slackoff\n>p2 move earthquake\n>p1 move flamethrower\n>p2 move earthquake\n>p1 move flamethrower\n>p2 move morningsun\n>p1 move flamethrower\n>p2 move earthquake\n>p1 move flamethrower\n>p2 move morningsun\n>p1 move flamethrower\n>p2 move earthquake\n>p1 move flamethrower\n>p2 move earthquake\n>p1 move slackoff\n>p2 move morningsun\n>p1 move flamethrower\n>p2 move earthquake\n>p1 move flamethrower\n>p2 move morningsun\n>chat ☆DogeTheNoob|not a single crit is crazy\n>chat ☆DogeTheNoob|there it is\n>p1 move flamethrower\n>p2 move earthquake\n>chat ☆GamerNotFound2025|It doesn't kill\n>p1 move slackoff\n>p2 move earthquake\n>p1 move slackoff\n>p2 move earthquake\n>p1 move flamethrower\n>p2 move earthquake","uploadtime":1765127512}