{"id":"gen9natdexdraft-160","log":"|j|☆John961\n|j|☆stoic wolf\n|t:|1765750043\n|gametype|singles\n|player|p1|John961|101|\n|player|p2|stoic wolf|fantina|\n|gen|9\n|tier|[Gen 9] NatDex Draft\n|rule|Tera Type Preview: Tera Types are shown at Team Preview\n|rule|Sleep Clause Mod: Limit one foe put to sleep\n|rule|OHKO Clause: OHKO moves are banned\n|rule|Evasion Clause: Evasion abilities, items, and moves are banned\n|rule|Evasion Abilities Clause: Evasion abilities are banned\n|rule|Evasion Items Clause: Evasion items are banned\n|rule|Evasion Moves Clause: Evasion moves are banned\n|rule|Endless Battle Clause: Forcing endless battles is banned\n|rule|HP Percentage Mod: HP is shown in percentages\n|raw|<div class=\"infobox\"><details class=\"readmore\" open><summary><strong>1 custom rule:</strong></summary> Tera Type Preview</details></div>\n|clearpoke\n|poke|p1|Feraligatr, M|\n|poke|p1|Deoxys-Speed|\n|poke|p1|Tapu Lele|\n|poke|p1|Sneasler, F|\n|poke|p1|Serperior, F|\n|poke|p1|Melmetal|\n|poke|p2|Roaring Moon|\n|poke|p2|Orthworm, M|\n|poke|p2|Sinistcha|\n|poke|p2|Mudsdale, M|\n|poke|p2|Fezandipiti, M|\n|poke|p2|Palafin, M|\n|raw|John961's Tera Types:<br /><psicon pokemon=\"feraligatr\" /><psicon type=\"Water\" /> / <psicon pokemon=\"deoxysspeed\" /><psicon type=\"Psychic\" /> / <psicon pokemon=\"tapulele\" /><psicon type=\"Psychic\" /> / <psicon pokemon=\"sneasler\" /><psicon type=\"Fighting\" /> / <psicon pokemon=\"serperior\" /><psicon type=\"Grass\" /> / <psicon pokemon=\"melmetal\" /><psicon type=\"Steel\" />\n|raw|stoic wolf's Tera Types:<br /><psicon pokemon=\"roaringmoon\" /><psicon type=\"Dragon\" /> / <psicon pokemon=\"orthworm\" /><psicon type=\"Steel\" /> / <psicon pokemon=\"sinistcha\" /><psicon type=\"Grass\" /> / <psicon pokemon=\"mudsdale\" /><psicon type=\"Ground\" /> / <psicon pokemon=\"fezandipiti\" /><psicon type=\"Poison\" /> / <psicon pokemon=\"palafin\" /><psicon type=\"Water\" />\n|teampreview\n|c|☆stoic wolf|gl hf amigo\n|c|☆John961|glhf\n|\n|t:|1765750076\n|teamsize|p1|6\n|teamsize|p2|6\n|start\n|switch|p1a: Ayy Lmao|Deoxys-Speed, shiny|100/100\n|switch|p2a: Roaring Moon|Roaring Moon|100/100\n|-ability|p1a: Ayy Lmao|Pressure\n|turn|1\n|\n|t:|1765750144\n|switch|p1a: Nuts N Boltz|Melmetal|100/100\n|move|p2a: Roaring Moon|Knock Off|p1a: Nuts N Boltz\n|-damage|p1a: Nuts N Boltz|68/100\n|-enditem|p1a: Nuts N Boltz|Punching Glove|[from] move: Knock Off|[of] p2a: Roaring Moon\n|\n|upkeep\n|turn|2\n|\n|t:|1765750170\n|-end|p2a: Roaring Moon|Protosynthesis|[silent]\n|switch|p2a: Orthworm|Orthworm, M|100/100\n|move|p1a: Nuts N Boltz|Toxic|p2a: Orthworm\n|-immune|p2a: Orthworm\n|\n|upkeep\n|turn|3\n|\n|t:|1765750205\n|switch|p1a: Solid Snake|Serperior, F|100/100\n|move|p2a: Orthworm|Spikes|p1a: Solid Snake\n|-sidestart|p1: John961|Spikes\n|\n|upkeep\n|turn|4\n|\n|t:|1765750229\n|switch|p2a: Fezandipiti|Fezandipiti, M|100/100\n|move|p1a: Solid Snake|Glare|p2a: Fezandipiti\n|-status|p2a: Fezandipiti|par\n|\n|upkeep\n|turn|5\n|\n|t:|1765750245\n|switch|p1a: Nuts N Boltz|Melmetal|68/100\n|-damage|p1a: Nuts N Boltz|55/100|[from] Spikes\n|move|p2a: Fezandipiti|Heat Wave|p1a: Nuts N Boltz\n|-supereffective|p1a: Nuts N Boltz\n|-damage|p1a: Nuts N Boltz|26/100\n|\n|upkeep\n|turn|6\n|\n|t:|1765750309\n|switch|p2a: Mudsdale|Mudsdale, M|100/100\n|move|p1a: Nuts N Boltz|Double Iron Bash|p2a: Mudsdale\n|-damage|p2a: Mudsdale|66/100\n|-ability|p2a: Mudsdale|Stamina|boost\n|-boost|p2a: Mudsdale|def|1\n|-damage|p2a: Mudsdale|40/100\n|-ability|p2a: Mudsdale|Stamina|boost\n|-boost|p2a: Mudsdale|def|1\n|-hitcount|p2a: Mudsdale|2\n|\n|upkeep\n|turn|7\n|\n|t:|1765750323\n|move|p2a: Mudsdale|Earthquake|p1a: Nuts N Boltz\n|-supereffective|p1a: Nuts N Boltz\n|-damage|p1a: Nuts N Boltz|0 fnt\n|faint|p1a: Nuts N Boltz\n|\n|upkeep\n|\n|t:|1765750332\n|switch|p1a: Solid Snake|Serperior, F|100/100\n|-damage|p1a: Solid Snake|88/100|[from] Spikes\n|turn|8\n|\n|t:|1765750342\n|switch|p2a: Fezandipiti|Fezandipiti, M|100/100 par\n|move|p1a: Solid Snake|Leaf Storm|p2a: Fezandipiti\n|-resisted|p2a: Fezandipiti\n|-damage|p2a: Fezandipiti|86/100 par\n|-boost|p1a: Solid Snake|spa|2\n|\n|upkeep\n|turn|9\n|\n|t:|1765750401\n|move|p1a: Solid Snake|Leaf Storm|p2a: Fezandipiti\n|-resisted|p2a: Fezandipiti\n|-damage|p2a: Fezandipiti|58/100 par\n|-boost|p1a: Solid Snake|spa|2\n|cant|p2a: Fezandipiti|par\n|\n|upkeep\n|turn|10\n|\n|t:|1765750412\n|move|p1a: Solid Snake|Leaf Storm|p2a: Fezandipiti\n|-resisted|p2a: Fezandipiti\n|-damage|p2a: Fezandipiti|17/100 par\n|-boost|p1a: Solid Snake|spa|2\n|cant|p2a: Fezandipiti|par\n|\n|upkeep\n|turn|11\n|\n|t:|1765750419\n|move|p1a: Solid Snake|Nature Power|p2a: Fezandipiti\n|move|p1a: Solid Snake|Tri Attack|p2a: Fezandipiti|[from] move: Nature Power\n|-damage|p2a: Fezandipiti|0 fnt\n|faint|p2a: Fezandipiti\n|\n|upkeep\n|\n|t:|1765750432\n|switch|p2a: Roaring Moon|Roaring Moon|100/100\n|turn|12\n|\n|t:|1765750457\n|move|p2a: Roaring Moon|U-turn|p1a: Solid Snake\n|-supereffective|p1a: Solid Snake\n|-damage|p1a: Solid Snake|33/100\n|\n|t:|1765750466\n|-end|p2a: Roaring Moon|Protosynthesis|[silent]\n|switch|p2a: Mudsdale|Mudsdale, M|40/100|[from] U-turn\n|move|p1a: Solid Snake|Glare|p2a: Mudsdale\n|-status|p2a: Mudsdale|par\n|\n|upkeep\n|turn|13\n|\n|t:|1765750473\n|move|p1a: Solid Snake|Synthesis|p1a: Solid Snake\n|-heal|p1a: Solid Snake|83/100\n|move|p2a: Mudsdale|Heavy Slam|p1a: Solid Snake\n|-damage|p1a: Solid Snake|49/100\n|\n|upkeep\n|turn|14\n|\n|t:|1765750482\n|move|p1a: Solid Snake|Synthesis|p1a: Solid Snake\n|-heal|p1a: Solid Snake|99/100\n|cant|p2a: Mudsdale|par\n|\n|upkeep\n|turn|15\n|\n|t:|1765750490\n|move|p1a: Solid Snake|Nature Power|p2a: Mudsdale\n|move|p1a: Solid Snake|Tri Attack|p2a: Mudsdale|[from] move: Nature Power\n|-damage|p2a: Mudsdale|7/100 par\n|-ability|p2a: Mudsdale|Stamina|boost\n|-boost|p2a: Mudsdale|def|1\n|cant|p2a: Mudsdale|par\n|\n|upkeep\n|turn|16\n|c|☆stoic wolf|damn bro\n|c|☆stoic wolf|this is rough ngl\n|\n|t:|1765750506\n|move|p1a: Solid Snake|Nature Power|p2a: Mudsdale\n|move|p1a: Solid Snake|Tri Attack|p2a: Mudsdale|[from] move: Nature Power\n|-damage|p2a: Mudsdale|0 fnt\n|faint|p2a: Mudsdale\n|\n|upkeep\n|\n|t:|1765750540\n|switch|p2a: Sinistcha|Sinistcha|100/100\n|turn|17\n|\n|t:|1765750555\n|move|p1a: Solid Snake|Leaf Storm|p2a: Sinistcha\n|-resisted|p2a: Sinistcha\n|-damage|p2a: Sinistcha|28/100\n|move|p2a: Sinistcha|Calm Mind|p2a: Sinistcha\n|-boost|p2a: Sinistcha|spa|1\n|-boost|p2a: Sinistcha|spd|1\n|\n|-heal|p2a: Sinistcha|34/100|[from] item: Leftovers\n|upkeep\n|turn|18\n|\n|t:|1765750564\n|move|p1a: Solid Snake|Leaf Storm|p2a: Sinistcha\n|-resisted|p2a: Sinistcha\n|-damage|p2a: Sinistcha|0 fnt\n|faint|p2a: Sinistcha\n|\n|upkeep\n|\n|t:|1765750578\n|switch|p2a: Orthworm|Orthworm, M|100/100\n|turn|19\n|\n|t:|1765750594\n|move|p1a: Solid Snake|Nature Power|p2a: Orthworm\n|move|p1a: Solid Snake|Tri Attack|p2a: Orthworm|[from] move: Nature Power\n|-resisted|p2a: Orthworm\n|-damage|p2a: Orthworm|64/100\n|move|p2a: Orthworm|Heavy Slam|p1a: Solid Snake\n|-damage|p1a: Solid Snake|68/100\n|\n|upkeep\n|turn|20\n|\n|t:|1765750607\n|move|p1a: Solid Snake|Glare|p2a: Orthworm\n|-status|p2a: Orthworm|par\n|move|p2a: Orthworm|Heavy Slam|p1a: Solid Snake\n|-damage|p1a: Solid Snake|35/100\n|\n|upkeep\n|turn|21\n|\n|t:|1765750615\n|move|p1a: Solid Snake|Synthesis|p1a: Solid Snake\n|-heal|p1a: Solid Snake|85/100\n|move|p2a: Orthworm|Heavy Slam|p1a: Solid Snake\n|-damage|p1a: Solid Snake|55/100\n|\n|upkeep\n|turn|22\n|\n|t:|1765750621\n|move|p1a: Solid Snake|Synthesis|p1a: Solid Snake\n|-heal|p1a: Solid Snake|100/100\n|move|p2a: Orthworm|Heavy Slam|p1a: Solid Snake\n|-damage|p1a: Solid Snake|67/100\n|\n|upkeep\n|turn|23\n|\n|t:|1765750628\n|move|p1a: Solid Snake|Synthesis|p1a: Solid Snake\n|-heal|p1a: Solid Snake|100/100\n|move|p2a: Orthworm|Heavy Slam|p1a: Solid Snake\n|-damage|p1a: Solid Snake|69/100\n|\n|upkeep\n|turn|24\n|\n|t:|1765750634\n|move|p1a: Solid Snake|Synthesis|p1a: Solid Snake\n|-heal|p1a: Solid Snake|100/100\n|move|p2a: Orthworm|Heavy Slam|p1a: Solid Snake\n|-damage|p1a: Solid Snake|71/100\n|\n|upkeep\n|turn|25\n|\n|t:|1765750639\n|move|p1a: Solid Snake|Synthesis|p1a: Solid Snake\n|-heal|p1a: Solid Snake|100/100\n|cant|p2a: Orthworm|par\n|\n|upkeep\n|turn|26\n|\n|t:|1765750644\n|move|p1a: Solid Snake|Leaf Storm|p2a: Orthworm\n|-resisted|p2a: Orthworm\n|-damage|p2a: Orthworm|0 fnt\n|faint|p2a: Orthworm\n|\n|upkeep\n|\n|t:|1765750648\n|switch|p2a: Roaring Moon|Roaring Moon|100/100\n|turn|27\n|c|☆stoic wolf|welp I tried\n|c|☆stoic wolf|ggs\n|\n|t:|1765750661\n|move|p2a: Roaring Moon|U-turn|p1a: Solid Snake\n|-supereffective|p1a: Solid Snake\n|-damage|p1a: Solid Snake|37/100\n|\n|t:|1765750664\n|-end|p2a: Roaring Moon|Protosynthesis|[silent]\n|switch|p2a: Palafin|Palafin, M|100/100|[from] U-turn\n|move|p1a: Solid Snake|Synthesis|p1a: Solid Snake\n|-heal|p1a: Solid Snake|87/100\n|\n|upkeep\n|turn|28\n|\n|t:|1765750670\n|move|p1a: Solid Snake|Leaf Storm|p2a: Palafin\n|-supereffective|p2a: Palafin\n|-enditem|p2a: Palafin|Rindo Berry|[eat]\n|-enditem|p2a: Palafin|Rindo Berry|[weaken]\n|-damage|p2a: Palafin|0 fnt\n|faint|p2a: Palafin\n|\n|upkeep\n|\n|t:|1765750674\n|switch|p2a: Roaring Moon|Roaring Moon|100/100\n|turn|29\n|\n|t:|1765750684\n|move|p2a: Roaring Moon|Iron Head|p1a: Solid Snake\n|-damage|p1a: Solid Snake|52/100\n|move|p1a: Solid Snake|Glare|p2a: Roaring Moon\n|-status|p2a: Roaring Moon|par\n|\n|upkeep\n|turn|30\n|\n|t:|1765750692\n|move|p1a: Solid Snake|Nature Power|p2a: Roaring Moon\n|move|p1a: Solid Snake|Tri Attack|p2a: Roaring Moon|[from] move: Nature Power\n|-damage|p2a: Roaring Moon|42/100 par\n|move|p2a: Roaring Moon|Iron Head|p1a: Solid Snake\n|-damage|p1a: Solid Snake|20/100\n|\n|upkeep\n|turn|31\n|\n|t:|1765750699\n|move|p1a: Solid Snake|Nature Power|p2a: Roaring Moon\n|move|p1a: Solid Snake|Tri Attack|p2a: Roaring Moon|[from] move: Nature Power\n|-damage|p2a: Roaring Moon|0 fnt\n|faint|p2a: Roaring Moon\n|-end|p2a: Roaring Moon|Protosynthesis|[silent]\n|\n|win|John961\n|c|☆John961|gg\n|l|☆stoic wolf\n|player|p2|\n","players":["John961","stoic wolf"],"format":"[Gen 9] NatDex Draft","rating":null,"private":0,"password":null,"inputlog":">version 5be251e737a9732efaea60679884b283782d8959\n>start {\"formatid\":\"gen9natdexdraft@@@Tera Type Preview\",\"seed\":\"sodium,45679102a036e679d1670d619eb70b26\"}\n>player p1 {\"name\":\"John961\",\"avatar\":\"101\",\"team\":\"Florida Man|Feraligatr|FeraligiteZA|Torrent|Waterfall,ScaleShot,Earthquake,DragonDance|Adamant|32,252,,,,224|M||S||,,,,,Water]Ayy Lmao|DeoxysSpeed|LifeOrb|Pressure|PsychoBoost,Superpower,ThunderWave,RockSlide|Rash|,252,4,252,,|N||S||,,,,,Psychic]Giygas|TapuLele|ChoiceSpecs|PsychicSurge|Moonblast,Psychic,Psyshock,FutureSight|Timid|40,,,252,,216|N|,0,,,,|S||,,,,,Psychic]Genic Furry|Sneasler|PsychicSeed|Unburden|DireClaw,CloseCombat,RockSlide,SwordsDance|Jolly|8,252,,,,248|F||S||,,,,,Fighting]Solid Snake|Serperior|OccaBerry|Contrary|LeafStorm,NaturePower,Synthesis,Glare|Timid|216,,,60,,232|F|,0,,,,|||,,,,,Grass]Nuts N Boltz|Melmetal|PunchingGlove|IronFist|DoubleIronBash,ThunderPunch,RockSlide,Toxic|Adamant|,252,4,,252,|N||||,,,,,Steel\",\"rating\":0}\n>player p2 {\"name\":\"stoic wolf\",\"avatar\":\"fantina\",\"team\":\"Roaring Moon||ChoiceScarf|Protosynthesis|KnockOff,IronHead,Uturn,Earthquake|Adamant|,252,,,4,252|N||||,,,,,Dragon]Orthworm||ChopleBerry|EarthEater|Spikes,IronDefense,HeavySlam,BodyPress|Impish|252,,16,,240,|M||||,,,,,Steel]Sinistcha||Leftovers|Heatproof|StrengthSap,CalmMind,MatchaGotcha,ShadowBall|Bold|252,,128,16,112,|N|,0,,,,|||,,,,,Grass]Mudsdale||AssaultVest|Stamina|Earthquake,HeavySlam,RockSlide,Endeavor|Careful|252,68,60,,112,16|M||||,,,,,Ground]Fezandipiti||CovertCloak|ToxicChain|Roost,Moonblast,SludgeBomb,HeatWave|Bold|252,,168,,,88|M|,0,,,,|||,,,,,Poison]Palafin||RindoBerry|ZerotoHero|BulkUp,DrainPunch,IcePunch,Liquidation|Careful|248,8,40,,196,16|M||||,,,,,Water\",\"rating\":0}\n>chat ☆stoic wolf|gl hf amigo\n>chat ☆John961|glhf\n>p1 team 2, 1, 3, 4, 5, 6\n>p2 team 1, 2, 3, 4, 5, 6\n>p1 switch 6\n>p2 move knockoff\n>p1 move toxic\n>p2 switch 2\n>p1 switch 5\n>p2 move spikes\n>p1 move glare\n>p2 switch 5\n>p1 switch 5\n>p2 move heatwave\n>p1 move doubleironbash\n>p2 switch 4\n>p1 move toxic\n>p2 move earthquake\n>p1 switch 5\n>p1 move leafstorm\n>p2 switch 4\n>p1 move leafstorm\n>p2 move sludgebomb\n>p1 move leafstorm\n>p2 move sludgebomb\n>p1 move naturepower\n>p2 move sludgebomb\n>p2 switch 2\n>p1 move glare\n>p2 move uturn\n>p2 switch 4\n>p1 move synthesis\n>p2 move heavyslam\n>p1 move synthesis\n>p2 move endeavor\n>p1 move naturepower\n>p2 move endeavor\n>chat ☆stoic wolf|damn bro\n>chat ☆stoic wolf|this is rough ngl\n>p1 move naturepower\n>p2 move endeavor\n>p2 switch 3\n>p1 move leafstorm\n>p2 move calmmind\n>p1 move leafstorm\n>p2 move strengthsap\n>p2 switch 5\n>p1 move naturepower\n>p2 move heavyslam\n>p1 move glare\n>p2 move heavyslam\n>p1 move synthesis\n>p2 move heavyslam\n>p1 move synthesis\n>p2 move heavyslam\n>p1 move synthesis\n>p2 move heavyslam\n>p1 move synthesis\n>p2 move heavyslam\n>p1 move synthesis\n>p2 move heavyslam\n>p1 move leafstorm\n>p2 move heavyslam\n>p2 switch 4\n>chat ☆stoic wolf|welp I tried\n>chat ☆stoic wolf|ggs\n>p1 move synthesis\n>p2 move uturn\n>p2 switch 6\n>p1 move leafstorm\n>p2 move icepunch\n>p2 switch 6\n>p1 move glare\n>p2 move ironhead\n>p1 move naturepower\n>p2 move ironhead\n>p1 move naturepower\n>p2 move ironhead","uploadtime":1765750711}