{"id":"gen9natdexdraft-512","log":"|j|☆alizahidah\n|j|☆jfucca\n|t:|1768664045\n|gametype|singles\n|player|p1|alizahidah|2|\n|player|p2|jfucca|265|\n|gen|9\n|tier|[Gen 9] NatDex Draft\n|rule|Sleep Clause Mod: Limit one foe put to sleep\n|rule|OHKO Clause: OHKO moves are banned\n|rule|Evasion Clause: Evasion abilities, items, and moves are banned\n|rule|Evasion Abilities Clause: Evasion abilities are banned\n|rule|Evasion Items Clause: Evasion items are banned\n|rule|Evasion Moves Clause: Evasion moves are banned\n|rule|Endless Battle Clause: Forcing endless battles is banned\n|rule|HP Percentage Mod: HP is shown in percentages\n|clearpoke\n|poke|p1|Celesteela|\n|poke|p1|Ting-Lu|\n|poke|p1|Iron Crown|\n|poke|p1|Iron Valiant|\n|poke|p1|Scolipede, F|\n|poke|p1|Volcanion|\n|poke|p2|Zapdos|\n|poke|p2|Primarina, M|\n|poke|p2|Dragalge, F|\n|poke|p2|Great Tusk|\n|poke|p2|Lycanroc-Dusk, F|\n|poke|p2|Meowscarada, F|\n|teampreview\n|c|☆jfucca|glhf\n|c|☆alizahidah|hellos\n|c|☆alizahidah|gl hf\n|c|☆alizahidah|scary team you got there\n|c|☆jfucca|yeah urs too lol\n|j| gemsauh\n|\n|t:|1768664104\n|teamsize|p1|6\n|teamsize|p2|6\n|start\n|switch|p1a: Scolipede|Scolipede, F|100/100\n|switch|p2a: Meowscarada|Meowscarada, F|100/100\n|turn|1\n|\n|t:|1768664134\n|switch|p2a: Lycanroc|Lycanroc-Dusk, F, shiny|100/100\n|move|p1a: Scolipede|Swords Dance|p1a: Scolipede\n|-boost|p1a: Scolipede|atk|2\n|\n|-ability|p1a: Scolipede|Speed Boost|boost\n|-boost|p1a: Scolipede|spe|1\n|upkeep\n|turn|2\n|\n|t:|1768664140\n|move|p1a: Scolipede|Protect|p1a: Scolipede\n|-singleturn|p1a: Scolipede|Protect\n|move|p2a: Lycanroc|Stone Edge|p1a: Scolipede\n|-activate|p1a: Scolipede|move: Protect\n|\n|-ability|p1a: Scolipede|Speed Boost|boost\n|-boost|p1a: Scolipede|spe|1\n|upkeep\n|turn|3\n|\n|t:|1768664289\n|detailschange|p1a: Scolipede|Scolipede-Mega-ZA, F\n|-mega|p1a: Scolipede|Scolipede|ScolipiteZA\n|move|p2a: Lycanroc|Accelerock|p1a: Scolipede\n|-supereffective|p1a: Scolipede\n|-damage|p1a: Scolipede|56/100\n|move|p1a: Scolipede|Poison Jab|p2a: Lycanroc\n|-resisted|p2a: Lycanroc\n|-damage|p2a: Lycanroc|0 fnt\n|faint|p2a: Lycanroc\n|\n|upkeep\n|\n|t:|1768664379\n|switch|p2a: Dragalge|Dragalge, F|100/100\n|turn|4\n|\n|t:|1768664390\n|detailschange|p2a: Dragalge|Dragalge-Mega-ZA, F\n|-mega|p2a: Dragalge|Dragalge|DragalgiteZA\n|move|p1a: Scolipede|Protect|p1a: Scolipede\n|-singleturn|p1a: Scolipede|Protect\n|move|p2a: Dragalge|Thunderbolt|p1a: Scolipede\n|-activate|p1a: Scolipede|move: Protect\n|\n|upkeep\n|turn|5\n|\n|t:|1768664405\n|move|p1a: Scolipede|Swords Dance|p1a: Scolipede\n|-boost|p1a: Scolipede|atk|2\n|move|p2a: Dragalge|Thunderbolt|p1a: Scolipede\n|-damage|p1a: Scolipede|18/100\n|\n|upkeep\n|turn|6\n|\n|t:|1768664419\n|move|p1a: Scolipede|Poison Jab|p2a: Dragalge\n|-resisted|p2a: Dragalge\n|-damage|p2a: Dragalge|0 fnt\n|faint|p2a: Dragalge\n|detailschange|p2: Dragalge|Dragalge, F|[silent]\n|\n|upkeep\n|\n|t:|1768664421\n|switch|p2a: Meowscarada|Meowscarada, F|100/100\n|turn|7\n|\n|t:|1768664425\n|move|p1a: Scolipede|Poison Jab|p2a: Meowscarada\n|-supereffective|p2a: Meowscarada\n|-enditem|p2a: Meowscarada|Focus Sash\n|-damage|p2a: Meowscarada|1/100\n|-status|p2a: Meowscarada|psn\n|move|p2a: Meowscarada|Knock Off|p1a: Scolipede\n|-start|p2a: Meowscarada|typechange|Dark|[from] ability: Protean\n|-damage|p1a: Scolipede|0 fnt\n|faint|p1a: Scolipede\n|detailschange|p1: Scolipede|Scolipede, F|[silent]\n|\n|-damage|p2a: Meowscarada|0 fnt|[from] psn\n|faint|p2a: Meowscarada\n|upkeep\n|c|☆alizahidah|damn\n|c|☆alizahidah|thats unlucky\n|c|☆alizahidah|i am sorry\n|c|☆jfucca|all good, game we play lol\n|c|☆alizahidah|true\n|\n|t:|1768664456\n|switch|p2a: Zapdos|Zapdos|100/100\n|switch|p1a: Celesteela|Celesteela|100/100\n|turn|8\n|\n|t:|1768664464\n|move|p2a: Zapdos|U-turn|p1a: Celesteela\n|-resisted|p1a: Celesteela\n|-damage|p1a: Celesteela|98/100\n|\n|t:|1768664470\n|switch|p2a: Primarina|Primarina, M|100/100|[from] U-turn\n|move|p1a: Celesteela|Leech Seed|p2a: Primarina\n|-start|p2a: Primarina|move: Leech Seed\n|\n|-heal|p1a: Celesteela|100/100|[from] item: Leftovers\n|-damage|p2a: Primarina|88/100|[from] Leech Seed|[of] p1a: Celesteela\n|upkeep\n|turn|9\n|\n|t:|1768664473\n|switch|p2a: Zapdos|Zapdos|100/100\n|move|p1a: Celesteela|Toxic|p2a: Zapdos\n|-status|p2a: Zapdos|tox\n|\n|-damage|p2a: Zapdos|94/100 tox|[from] psn\n|upkeep\n|turn|10\n|\n|t:|1768664476\n|move|p1a: Celesteela|Protect|p1a: Celesteela\n|-singleturn|p1a: Celesteela|Protect\n|move|p2a: Zapdos|Thunderbolt|p1a: Celesteela\n|-activate|p1a: Celesteela|move: Protect\n|\n|-damage|p2a: Zapdos|82/100 tox|[from] psn\n|upkeep\n|turn|11\n|\n|t:|1768664480\n|move|p2a: Zapdos|Thunderbolt|p1a: Celesteela\n|-supereffective|p1a: Celesteela\n|-damage|p1a: Celesteela|22/100\n|move|p1a: Celesteela|Leech Seed|p2a: Zapdos|[miss]\n|-miss|p1a: Celesteela|p2a: Zapdos\n|\n|-heal|p1a: Celesteela|28/100|[from] item: Leftovers\n|-damage|p2a: Zapdos|64/100 tox|[from] psn\n|upkeep\n|turn|12\n|\n|t:|1768664491\n|move|p2a: Zapdos|U-turn|p1a: Celesteela\n|-resisted|p1a: Celesteela\n|-damage|p1a: Celesteela|26/100\n|\n|t:|1768664498\n|switch|p2a: Primarina|Primarina, M|88/100|[from] U-turn\n|move|p1a: Celesteela|Leech Seed|p2a: Primarina\n|-start|p2a: Primarina|move: Leech Seed\n|\n|-heal|p1a: Celesteela|32/100|[from] item: Leftovers\n|-damage|p2a: Primarina|76/100|[from] Leech Seed|[of] p1a: Celesteela\n|-heal|p1a: Celesteela|43/100|[silent]\n|upkeep\n|turn|13\n|\n|t:|1768664501\n|move|p1a: Celesteela|Toxic|p2a: Primarina|[miss]\n|-miss|p1a: Celesteela|p2a: Primarina\n|move|p2a: Primarina|Hyper Voice|p1a: Celesteela\n|-damage|p1a: Celesteela|10/100\n|\n|-heal|p1a: Celesteela|16/100|[from] item: Leftovers\n|-damage|p2a: Primarina|63/100|[from] Leech Seed|[of] p1a: Celesteela\n|-heal|p1a: Celesteela|27/100|[silent]\n|upkeep\n|turn|14\n|\n|t:|1768664509\n|switch|p2a: Zapdos|Zapdos|64/100 tox\n|move|p1a: Celesteela|Leech Seed|p2a: Zapdos\n|-start|p2a: Zapdos|move: Leech Seed\n|\n|-heal|p1a: Celesteela|33/100|[from] item: Leftovers\n|-damage|p2a: Zapdos|51/100 tox|[from] Leech Seed|[of] p1a: Celesteela\n|-heal|p1a: Celesteela|43/100|[silent]\n|-damage|p2a: Zapdos|45/100 tox|[from] psn\n|upkeep\n|turn|15\n|\n|t:|1768664513\n|move|p1a: Celesteela|Protect|p1a: Celesteela\n|-singleturn|p1a: Celesteela|Protect\n|move|p2a: Zapdos|Roost|p2a: Zapdos\n|-heal|p2a: Zapdos|95/100 tox\n|-singleturn|p2a: Zapdos|move: Roost\n|\n|-heal|p1a: Celesteela|49/100|[from] item: Leftovers\n|-damage|p2a: Zapdos|83/100 tox|[from] Leech Seed|[of] p1a: Celesteela\n|-heal|p1a: Celesteela|60/100|[silent]\n|-damage|p2a: Zapdos|71/100 tox|[from] psn\n|upkeep\n|turn|16\n|\n|t:|1768664516\n|switch|p1a: Ting-Lu|Ting-Lu|100/100\n|-ability|p1a: Ting-Lu|Vessel of Ruin\n|move|p2a: Zapdos|Thunderbolt|p1a: Ting-Lu\n|-immune|p1a: Ting-Lu\n|\n|-damage|p2a: Zapdos|58/100 tox|[from] Leech Seed|[of] p1a: Ting-Lu\n|-damage|p2a: Zapdos|40/100 tox|[from] psn\n|upkeep\n|turn|17\n|\n|t:|1768664524\n|switch|p2a: Primarina|Primarina, M|63/100\n|switch|p1a: Celesteela|Celesteela|60/100\n|\n|-heal|p1a: Celesteela|66/100|[from] item: Leftovers\n|upkeep\n|turn|18\n|\n|t:|1768664528\n|move|p1a: Celesteela|Leech Seed|p2a: Primarina\n|-start|p2a: Primarina|move: Leech Seed\n|move|p2a: Primarina|Hyper Voice|p1a: Celesteela\n|-damage|p1a: Celesteela|31/100\n|\n|-heal|p1a: Celesteela|37/100|[from] item: Leftovers\n|-damage|p2a: Primarina|51/100|[from] Leech Seed|[of] p1a: Celesteela\n|-heal|p1a: Celesteela|48/100|[silent]\n|upkeep\n|turn|19\n|\n|t:|1768664534\n|move|p1a: Celesteela|Air Slash|p2a: Primarina\n|-crit|p2a: Primarina\n|-damage|p2a: Primarina|27/100\n|cant|p2a: Primarina|flinch\n|\n|-heal|p1a: Celesteela|54/100|[from] item: Leftovers\n|-damage|p2a: Primarina|14/100|[from] Leech Seed|[of] p1a: Celesteela\n|-heal|p1a: Celesteela|66/100|[silent]\n|upkeep\n|turn|20\n|c|☆alizahidah|ok i dont know what to say\n|c|☆alizahidah|i am sorry again lol\n|\n|t:|1768664558\n|move|p1a: Celesteela|Air Slash|p2a: Primarina\n|-damage|p2a: Primarina|0 fnt\n|faint|p2a: Primarina\n|-ability|p1a: Celesteela|Beast Boost|boost\n|-boost|p1a: Celesteela|def|1\n|\n|-heal|p1a: Celesteela|72/100|[from] item: Leftovers\n|upkeep\n|\n|t:|1768664562\n|switch|p2a: Zapdos|Zapdos|40/100 tox\n|turn|21\n|\n|t:|1768664565\n|move|p1a: Celesteela|Protect|p1a: Celesteela\n|-singleturn|p1a: Celesteela|Protect\n|move|p2a: Zapdos|Roost|p2a: Zapdos\n|-heal|p2a: Zapdos|90/100 tox\n|-singleturn|p2a: Zapdos|move: Roost\n|\n|-heal|p1a: Celesteela|78/100|[from] item: Leftovers\n|-damage|p2a: Zapdos|84/100 tox|[from] psn\n|upkeep\n|turn|22\n|\n|t:|1768664568\n|move|p2a: Zapdos|Hurricane|p1a: Celesteela\n|-resisted|p1a: Celesteela\n|-damage|p1a: Celesteela|54/100\n|move|p1a: Celesteela|Leech Seed|p2a: Zapdos\n|-start|p2a: Zapdos|move: Leech Seed\n|\n|-heal|p1a: Celesteela|60/100|[from] item: Leftovers\n|-damage|p2a: Zapdos|72/100 tox|[from] Leech Seed|[of] p1a: Celesteela\n|-heal|p1a: Celesteela|70/100|[silent]\n|-damage|p2a: Zapdos|59/100 tox|[from] psn\n|upkeep\n|turn|23\n|\n|t:|1768664572\n|move|p1a: Celesteela|Protect|p1a: Celesteela\n|-singleturn|p1a: Celesteela|Protect\n|move|p2a: Zapdos|Thunderbolt|p1a: Celesteela\n|-activate|p1a: Celesteela|move: Protect\n|\n|-heal|p1a: Celesteela|76/100|[from] item: Leftovers\n|-damage|p2a: Zapdos|47/100 tox|[from] Leech Seed|[of] p1a: Celesteela\n|-heal|p1a: Celesteela|86/100|[silent]\n|-damage|p2a: Zapdos|28/100 tox|[from] psn\n|upkeep\n|turn|24\n|\n|t:|1768664576\n|move|p2a: Zapdos|Thunderbolt|p1a: Celesteela\n|-supereffective|p1a: Celesteela\n|-damage|p1a: Celesteela|6/100\n|move|p1a: Celesteela|Air Slash|p2a: Zapdos\n|-resisted|p2a: Zapdos\n|-damage|p2a: Zapdos|12/100 tox\n|\n|-heal|p1a: Celesteela|12/100|[from] item: Leftovers\n|-damage|p2a: Zapdos|0 fnt|[from] Leech Seed|[of] p1a: Celesteela\n|-heal|p1a: Celesteela|21/100|[silent]\n|faint|p2a: Zapdos\n|upkeep\n|\n|t:|1768664578\n|switch|p2a: Great Tusk|Great Tusk|100/100\n|-enditem|p2a: Great Tusk|Booster Energy\n|-activate|p2a: Great Tusk|ability: Protosynthesis|[fromitem]\n|-start|p2a: Great Tusk|protosynthesisatk\n|turn|25\n|\n|t:|1768664585\n|move|p2a: Great Tusk|Rapid Spin|p1a: Celesteela\n|-resisted|p1a: Celesteela\n|-damage|p1a: Celesteela|16/100\n|-boost|p2a: Great Tusk|spe|1\n|move|p1a: Celesteela|Toxic|p2a: Great Tusk\n|-status|p2a: Great Tusk|tox\n|\n|-heal|p1a: Celesteela|22/100|[from] item: Leftovers\n|-damage|p2a: Great Tusk|94/100 tox|[from] psn\n|upkeep\n|turn|26\n|\n|t:|1768664590\n|move|p1a: Celesteela|Protect|p1a: Celesteela\n|-singleturn|p1a: Celesteela|Protect\n|move|p2a: Great Tusk|Close Combat|p1a: Celesteela\n|-activate|p1a: Celesteela|move: Protect\n|\n|-heal|p1a: Celesteela|28/100|[from] item: Leftovers\n|-damage|p2a: Great Tusk|82/100 tox|[from] psn\n|upkeep\n|turn|27\n|\n|t:|1768664596\n|move|p2a: Great Tusk|Close Combat|p1a: Celesteela\n|-damage|p1a: Celesteela|0 fnt\n|-unboost|p2a: Great Tusk|def|1\n|-unboost|p2a: Great Tusk|spd|1\n|faint|p1a: Celesteela\n|\n|-damage|p2a: Great Tusk|64/100 tox|[from] psn\n|upkeep\n|\n|t:|1768664600\n|switch|p1a: Iron Valiant|Iron Valiant|100/100\n|-enditem|p1a: Iron Valiant|Booster Energy\n|-activate|p1a: Iron Valiant|ability: Quark Drive|[fromitem]\n|-start|p1a: Iron Valiant|quarkdrivespe\n|turn|28\n|\n|t:|1768664604\n|move|p1a: Iron Valiant|Spirit Break|p2a: Great Tusk\n|-supereffective|p2a: Great Tusk\n|-damage|p2a: Great Tusk|0 fnt\n|faint|p2a: Great Tusk\n|-end|p2a: Great Tusk|Protosynthesis|[silent]\n|\n|win|alizahidah\n|c|☆jfucca|gg\n|c|☆alizahidah|ggs\n","players":["alizahidah","jfucca"],"format":"[Gen 9] NatDex Draft","rating":null,"private":0,"password":null,"inputlog":">version 36cf988d66dbad4151963a7bc9d9267feedacf40\n>start {\"formatid\":\"gen9natdexdraft\",\"seed\":\"sodium,48ac036b5bfaba917d5defc656251891\"}\n>player p1 {\"name\":\"alizahidah\",\"avatar\":\"2\",\"team\":\"Celesteela||Leftovers|BeastBoost|Toxic,LeechSeed,Protect,AirSlash|Bold|252,,252,4,,|N|,0,,,,|||,,,,,Steel]Ting-Lu||Leftovers|VesselofRuin|StealthRock,Ruination,Earthquake,Whirlwind|Relaxed|252,4,252,,,|N||||,,,,,Dark]Iron Crown||WeaknessPolicy|QuarkDrive|Agility,StoredPower,TachyonCutter,CalmMind|Bold|248,,44,4,,212|N|,20,,,,|||,Fighting,,,,Steel]Iron Valiant||BoosterEnergy|QuarkDrive|SwordsDance,KnockOff,DrainPunch,SpiritBreak|Jolly|16,252,,,,240|N||||,,,,,Fairy]Scolipede||ScolipiteZA|SpeedBoost|SwordsDance,PoisonJab,ThroatChop,Protect|Adamant|136,252,,,,120|F||||,,,,,Bug]Volcanion||HeavyDutyBoots|WaterAbsorb|Defog,SteamEruption,Flamethrower,EarthPower|Calm|248,,,8,252,|N|,0,,,,|||,,,,,Fire\",\"rating\":0}\n>player p2 {\"name\":\"jfucca\",\"avatar\":\"265\",\"team\":\"Zapdos||HeavyDutyBoots|Static|Thunderbolt,Hurricane,Uturn,Roost|Timid|16,,,252,,240|N||||,,,,,Electric]Primarina||AssaultVest|LiquidVoice|HyperVoice,IceBeam,Moonblast,FlipTurn|Bold|248,,252,8,,|M||||,,,,,Water]Dragalge||DragalgiteZA|PoisonPoint|SludgeWave,Thunderbolt,Scald,FlipTurn|Modest|248,,8,252,,|F||||,,,,,Poison]Great Tusk||BoosterEnergy|Protosynthesis|Earthquake,IceSpinner,CloseCombat,RapidSpin|Jolly|20,248,,,,240|N||||,Fighting,,,,Ground]Lycanroc|LycanrocDusk|ShucaBerry|ToughClaws|StoneEdge,Accelerock,PlayRough,Crunch|Jolly|96,252,,,,160|F||S||,,,,,Rock]Meowscarada||FocusSash|Protean|FlowerTrick,KnockOff,Uturn,Spikes|Jolly|56,252,,,,200|F||||,,,,,Grass\",\"rating\":0}\n>chat ☆jfucca|glhf\n>chat ☆alizahidah|hellos\n>chat ☆alizahidah|gl hf\n>chat ☆alizahidah|scary team you got there\n>chat ☆jfucca|yeah urs too lol\n>p1 team 5, 2, 3, 4, 1, 6\n>p2 team 6, 2, 3, 4, 5, 1\n>p1 move swordsdance\n>p2 switch 5\n>p1 move protect\n>p2 move stoneedge\n>p1 move poisonjab mega\n>p2 move accelerock\n>p2 switch 3\n>p1 move protect\n>p2 move thunderbolt mega\n>p1 move swordsdance\n>p2 move thunderbolt\n>p1 move poisonjab\n>p2 move thunderbolt\n>p2 switch 5\n>p1 move poisonjab\n>p2 move knockoff\n>chat ☆alizahidah|damn\n>chat ☆alizahidah|thats unlucky\n>chat ☆alizahidah|i am sorry\n>chat ☆jfucca|all good, game we play lol\n>chat ☆alizahidah|true\n>p1 switch 5\n>p2 switch 6\n>p1 move leechseed\n>p2 move uturn\n>p2 switch 2\n>p1 move toxic\n>p2 switch 2\n>p1 move protect\n>p2 move thunderbolt\n>p1 move leechseed\n>p2 move thunderbolt\n>p1 move leechseed\n>p2 move uturn\n>p2 switch 2\n>p1 move toxic\n>p2 move hypervoice\n>p1 move leechseed\n>p2 switch 2\n>p1 move protect\n>p2 move roost\n>p1 switch 2\n>p2 move thunderbolt\n>p1 switch 2\n>p2 switch 2\n>p1 move leechseed\n>p2 move hypervoice\n>p1 move airslash\n>p2 move flipturn\n>chat ☆alizahidah|ok i dont know what to say\n>chat ☆alizahidah|i am sorry again lol\n>p1 move airslash\n>p2 move flipturn\n>p2 switch 2\n>p1 move protect\n>p2 move roost\n>p1 move leechseed\n>p2 move hurricane\n>p1 move protect\n>p2 move thunderbolt\n>p1 move airslash\n>p2 move thunderbolt\n>p2 switch 4\n>p1 move toxic\n>p2 move rapidspin\n>p1 move protect\n>p2 move closecombat\n>p1 move airslash\n>p2 move closecombat\n>p1 switch 4\n>p1 move spiritbreak\n>p2 move earthquake","uploadtime":1768664614}