{"id":"gen9natdexdraft-470","log":"|j|☆saygexxed\n|j|☆MegaIdot\n|t:|1763335783\n|gametype|singles\n|player|p1|saygexxed|102|\n|player|p2|MegaIdot|swimmer-gen4dp|\n|gen|9\n|tier|[Gen 9] NatDex Draft\n|rule|Tera Type Preview: Tera Types are shown at Team Preview\n|rule|Sleep Clause Mod: Limit one foe put to sleep\n|rule|OHKO Clause: OHKO moves are banned\n|rule|Evasion Clause: Evasion abilities, items, and moves are banned\n|rule|Evasion Abilities Clause: Evasion abilities are banned\n|rule|Evasion Items Clause: Evasion items are banned\n|rule|Evasion Moves Clause: Evasion moves are banned\n|rule|Endless Battle Clause: Forcing endless battles is banned\n|rule|HP Percentage Mod: HP is shown in percentages\n|raw|<div class=\"infobox\"><details class=\"readmore\" open><summary><strong>1 custom rule:</strong></summary> Tera Type Preview</details></div>\n|clearpoke\n|poke|p1|Beheeyem, M|\n|poke|p1|Iron Spore, M|\n|poke|p1|Gardevoir-Hell, M|\n|poke|p1|Probenose, M|\n|poke|p1|Savage Scythe, F|\n|poke|p1|Ho-Ho, M|\n|poke|p2|Ceruledge, F|\n|poke|p2|Porygon2|\n|poke|p2|Ferrothorn, M|\n|poke|p2|Palafin, M|\n|poke|p2|Gliscor, M|\n|poke|p2|Darkrai|\n|raw|saygexxed's Tera Types:<br /><psicon pokemon=\"beheeyem\" /><psicon type=\"Psychic\" /> / <psicon pokemon=\"ironspore\" /><psicon type=\"Grass\" /> / <psicon pokemon=\"gardevoirhell\" /><psicon type=\"Fairy\" /> / <psicon pokemon=\"probenose\" /><psicon type=\"Electric\" /> / <psicon pokemon=\"savagescythe\" /><psicon type=\"Bug\" /> / <psicon pokemon=\"hoho\" /><psicon type=\"Water\" />\n|raw|MegaIdot's Tera Types:<br /><psicon pokemon=\"ceruledge\" /><psicon type=\"Fire\" /> / <psicon pokemon=\"porygon2\" /><psicon type=\"Normal\" /> / <psicon pokemon=\"ferrothorn\" /><psicon type=\"Grass\" /> / <psicon pokemon=\"palafin\" /><psicon type=\"Water\" /> / <psicon pokemon=\"gliscor\" /><psicon type=\"Steel\" /> / <psicon pokemon=\"darkrai\" /><psicon type=\"Dark\" />\n|teampreview\n|c|☆MegaIdot|hfhf\n|\n|t:|1763335862\n|teamsize|p1|6\n|teamsize|p2|6\n|start\n|switch|p1a: Savage Scythe|Savage Scythe, F|100/100\n|switch|p2a: Palafin|Palafin, M|100/100\n|-enditem|p1a: Savage Scythe|Booster Energy\n|-activate|p1a: Savage Scythe|ability: Protosynthesis|[fromitem]\n|-start|p1a: Savage Scythe|protosynthesisspe\n|turn|1\n|\n|t:|1763335873\n|detailschange|p2a: Palafin|Palafin-Hero, M\n|switch|p2a: Ferrothorn|Ferrothorn, M|100/100\n|move|p1a: Savage Scythe|Swords Dance|p1a: Savage Scythe\n|-boost|p1a: Savage Scythe|atk|2\n|\n|upkeep\n|turn|2\n|\n|t:|1763335879\n|move|p1a: Savage Scythe|Leech Life|p2a: Ferrothorn\n|-damage|p2a: Ferrothorn|40/100\n|-damage|p1a: Savage Scythe|88/100|[from] ability: Iron Barbs|[of] p2a: Ferrothorn\n|move|p2a: Ferrothorn|Leech Seed|p1a: Savage Scythe\n|-start|p1a: Savage Scythe|move: Leech Seed\n|\n|-heal|p2a: Ferrothorn|46/100|[from] item: Leftovers\n|-damage|p1a: Savage Scythe|76/100|[from] Leech Seed|[of] p2a: Ferrothorn\n|-heal|p2a: Ferrothorn|57/100|[silent]\n|upkeep\n|turn|3\n|\n|t:|1763335886\n|move|p1a: Savage Scythe|Leech Life|p2a: Ferrothorn\n|-damage|p2a: Ferrothorn|0 fnt\n|-heal|p1a: Savage Scythe|100/100|[from] drain|[of] p2a: Ferrothorn\n|-damage|p1a: Savage Scythe|88/100|[from] ability: Iron Barbs|[of] p2a: Ferrothorn\n|faint|p2a: Ferrothorn\n|\n|upkeep\n|\n|t:|1763335895\n|switch|p2a: Porygon2|Porygon2|100/100\n|turn|4\n|\n|t:|1763335902\n|move|p1a: Savage Scythe|Crabhammer|p2a: Porygon2\n|-damage|p2a: Porygon2|56/100\n|move|p2a: Porygon2|Foul Play|p1a: Savage Scythe\n|-damage|p1a: Savage Scythe|13/100\n|\n|-damage|p1a: Savage Scythe|0 fnt|[from] Leech Seed|[of] p2a: Porygon2\n|-heal|p2a: Porygon2|67/100|[silent]\n|faint|p1a: Savage Scythe\n|-end|p1a: Savage Scythe|Protosynthesis|[silent]\n|upkeep\n|\n|t:|1763335908\n|switch|p1a: Gardevoir-Hell|Gardevoir-Hell, M|100/100\n|-ability|p2a: Porygon2|Magic Guard|Trace|[from] ability: Trace|[of] p1a: Gardevoir-Hell\n|turn|5\n|\n|t:|1763335914\n|move|p1a: Gardevoir-Hell|Light of Ruin|p2a: Porygon2\n|-damage|p2a: Porygon2|0 fnt\n|faint|p2a: Porygon2\n|\n|upkeep\n|\n|t:|1763335925\n|switch|p2a: Palafin|Palafin-Hero, M|100/100\n|-activate|p2a: Palafin|ability: Zero to Hero\n|turn|6\n|\n|t:|1763335929\n|switch|p1a: Iron Spore|Iron Spore, M|100/100\n|move|p2a: Palafin|Ice Punch|p1a: Iron Spore\n|-supereffective|p1a: Iron Spore\n|-damage|p1a: Iron Spore|38/100\n|\n|upkeep\n|turn|7\n|\n|t:|1763335934\n|switch|p2a: Gliscor|Gliscor, M|100/100\n|move|p1a: Iron Spore|Strength Sap|p2a: Gliscor\n|-unboost|p2a: Gliscor|atk|1\n|-heal|p1a: Iron Spore|100/100\n|\n|-status|p2a: Gliscor|tox|[from] item: Toxic Orb\n|upkeep\n|turn|8\n|\n|t:|1763335939\n|move|p1a: Iron Spore|Reflect|p1a: Iron Spore\n|-sidestart|p1: saygexxed|Reflect\n|move|p2a: Gliscor|Earthquake|p1a: Iron Spore\n|-damage|p1a: Iron Spore|90/100\n|\n|upkeep\n|turn|9\n|\n|t:|1763335953\n|-end|p1a: Iron Spore|Quark Drive|[silent]\n|switch|p1a: Gardevoir-Hell|Gardevoir-Hell, M|100/100\n|move|p2a: Gliscor|Knock Off|p1a: Gardevoir-Hell\n|-resisted|p1a: Gardevoir-Hell\n|-damage|p1a: Gardevoir-Hell|95/100\n|-enditem|p1a: Gardevoir-Hell|Choice Specs|[from] move: Knock Off|[of] p2a: Gliscor\n|\n|upkeep\n|turn|10\n|\n|t:|1763335960\n|move|p2a: Gliscor|Toxic|p1a: Gardevoir-Hell\n|-status|p1a: Gardevoir-Hell|tox\n|move|p1a: Gardevoir-Hell|Light of Ruin|p2a: Gliscor|[miss]\n|-miss|p1a: Gardevoir-Hell|p2a: Gliscor\n|\n|upkeep\n|turn|11\n|\n|t:|1763335966\n|move|p2a: Gliscor|Earthquake|p1a: Gardevoir-Hell\n|-damage|p1a: Gardevoir-Hell|81/100 tox\n|move|p1a: Gardevoir-Hell|Light of Ruin|p2a: Gliscor|[miss]\n|-miss|p1a: Gardevoir-Hell|p2a: Gliscor\n|\n|upkeep\n|turn|12\n|c|☆MegaIdot|mb\n|c|☆saygexxed|Ok man\n|\n|t:|1763335974\n|move|p2a: Gliscor|Earthquake|p1a: Gardevoir-Hell\n|-crit|p1a: Gardevoir-Hell\n|-damage|p1a: Gardevoir-Hell|6/100 tox\n|move|p1a: Gardevoir-Hell|Light of Ruin|p2a: Gliscor\n|-damage|p2a: Gliscor|0 fnt\n|faint|p2a: Gliscor\n|\n|upkeep\n|c|☆saygexxed|Ok \n|\n|t:|1763335998\n|switch|p2a: Ceruledge|Ceruledge, F, shiny|100/100\n|turn|13\n|\n|t:|1763336004\n|detailschange|p2a: Ceruledge|Ceruledge-Mega, F, shiny\n|-mega|p2a: Ceruledge|Ceruledge|Ceruledgite\n|move|p2a: Ceruledge|Bitter Blade|p1a: Gardevoir-Hell\n|-damage|p1a: Gardevoir-Hell|0 fnt\n|faint|p1a: Gardevoir-Hell\n|\n|upkeep\n|\n|t:|1763336013\n|switch|p1a: Ho-Ho|Ho-Ho, M|100/100\n|turn|14\n|\n|t:|1763336025\n|switch|p2a: Palafin|Palafin-Hero, M|100/100\n|-terastallize|p1a: Ho-Ho|Water\n|move|p1a: Ho-Ho|Toxic|p2a: Palafin\n|-status|p2a: Palafin|tox\n|\n|-damage|p2a: Palafin|94/100 tox|[from] psn\n|upkeep\n|turn|15\n|\n|t:|1763336032\n|move|p2a: Palafin|Bulk Up|p2a: Palafin\n|-boost|p2a: Palafin|atk|1\n|-boost|p2a: Palafin|def|1\n|move|p1a: Ho-Ho|Brave Bird|p2a: Palafin\n|-damage|p2a: Palafin|68/100 tox\n|-damage|p1a: Ho-Ho|92/100|[from] Recoil\n|\n|-heal|p2a: Palafin|74/100 tox|[from] item: Leftovers\n|-damage|p2a: Palafin|62/100 tox|[from] psn\n|-sideend|p1: saygexxed|Reflect\n|upkeep\n|turn|16\n|\n|t:|1763336039\n|switch|p1a: Iron Spore|Iron Spore, M|90/100\n|move|p2a: Palafin|Drain Punch|p1a: Iron Spore\n|-damage|p1a: Iron Spore|41/100\n|-heal|p2a: Palafin|84/100 tox|[from] drain|[of] p1a: Iron Spore\n|\n|-heal|p2a: Palafin|90/100 tox|[from] item: Leftovers\n|-damage|p2a: Palafin|71/100 tox|[from] psn\n|upkeep\n|turn|17\n|\n|t:|1763336043\n|move|p2a: Palafin|Jet Punch|p1a: Iron Spore\n|-resisted|p1a: Iron Spore\n|-damage|p1a: Iron Spore|12/100\n|move|p1a: Iron Spore|Strength Sap|p2a: Palafin\n|-unboost|p2a: Palafin|atk|1\n|-heal|p1a: Iron Spore|100/100\n|\n|-heal|p2a: Palafin|78/100 tox|[from] item: Leftovers\n|-damage|p2a: Palafin|53/100 tox|[from] psn\n|upkeep\n|turn|18\n|\n|t:|1763336049\n|move|p1a: Iron Spore|Reflect|p1a: Iron Spore\n|-sidestart|p1: saygexxed|Reflect\n|move|p2a: Palafin|Ice Punch|p1a: Iron Spore\n|-supereffective|p1a: Iron Spore\n|-damage|p1a: Iron Spore|70/100\n|\n|-heal|p2a: Palafin|59/100 tox|[from] item: Leftovers\n|-damage|p2a: Palafin|28/100 tox|[from] psn\n|upkeep\n|turn|19\n|\n|t:|1763336055\n|move|p1a: Iron Spore|Strength Sap|p2a: Palafin\n|-unboost|p2a: Palafin|atk|1\n|-heal|p1a: Iron Spore|100/100\n|move|p2a: Palafin|Ice Punch|p1a: Iron Spore\n|-supereffective|p1a: Iron Spore\n|-damage|p1a: Iron Spore|79/100\n|\n|-heal|p2a: Palafin|35/100 tox|[from] item: Leftovers\n|-damage|p2a: Palafin|0 fnt|[from] psn\n|faint|p2a: Palafin\n|upkeep\n|\n|t:|1763336058\n|switch|p2a: Darkrai|Darkrai|100/100\n|turn|20\n|\n|t:|1763336065\n|move|p2a: Darkrai|Nasty Plot|p2a: Darkrai\n|-boost|p2a: Darkrai|spa|2\n|move|p1a: Iron Spore|Volt Switch|p2a: Darkrai\n|-damage|p2a: Darkrai|68/100\n|\n|t:|1763336075\n|-end|p1a: Iron Spore|Quark Drive|[silent]\n|switch|p1a: Ho-Ho|Ho-Ho, M, tera:Water|100/100|[from] Volt Switch\n|\n|upkeep\n|turn|21\n|\n|t:|1763336080\n|move|p2a: Darkrai|Dark Pulse|p1a: Ho-Ho\n|-damage|p1a: Ho-Ho|25/100\n|-damage|p2a: Darkrai|58/100|[from] item: Life Orb\n|move|p1a: Ho-Ho|Toxic|p2a: Darkrai\n|-status|p2a: Darkrai|tox\n|\n|-damage|p2a: Darkrai|52/100 tox|[from] psn\n|upkeep\n|turn|22\n|\n|t:|1763336089\n|switch|p1a: Probenose|Probenose, M|100/100\n|move|p2a: Darkrai|Dark Pulse|p1a: Probenose\n|-damage|p1a: Probenose|19/100\n|-damage|p2a: Darkrai|42/100 tox|[from] item: Life Orb\n|\n|-damage|p2a: Darkrai|30/100 tox|[from] psn\n|upkeep\n|turn|23\n|\n|t:|1763336094\n|move|p2a: Darkrai|Dark Pulse|p1a: Probenose\n|-damage|p1a: Probenose|0 fnt\n|faint|p1a: Probenose\n|-damage|p2a: Darkrai|20/100 tox|[from] item: Life Orb\n|\n|-damage|p2a: Darkrai|2/100 tox|[from] psn\n|upkeep\n|\n|t:|1763336101\n|switch|p1a: Ho-Ho|Ho-Ho, M, tera:Water|59/100\n|turn|24\n|\n|t:|1763336106\n|switch|p1a: Iron Spore|Iron Spore, M|79/100\n|move|p2a: Darkrai|Dark Pulse|p1a: Iron Spore\n|-damage|p1a: Iron Spore|0 fnt\n|faint|p1a: Iron Spore\n|-end|p1a: Iron Spore|Quark Drive|[silent]\n|-damage|p2a: Darkrai|0 fnt|[from] item: Life Orb\n|faint|p2a: Darkrai\n|\n|upkeep\n|\n|t:|1763336112\n|switch|p2a: Ceruledge|Ceruledge-Mega, F, shiny|100/100\n|switch|p1a: Ho-Ho|Ho-Ho, M, tera:Water|92/100\n|turn|25\n|\n|t:|1763336115\n|move|p2a: Ceruledge|Swords Dance|p2a: Ceruledge\n|-boost|p2a: Ceruledge|atk|2\n|move|p1a: Ho-Ho|Toxic|p2a: Ceruledge\n|-status|p2a: Ceruledge|tox\n|\n|-damage|p2a: Ceruledge|94/100 tox|[from] psn\n|-sideend|p1: saygexxed|Reflect\n|upkeep\n|turn|26\n|\n|t:|1763336124\n|switch|p1a: Beheeyem|Beheeyem, M|100/100\n|move|p2a: Ceruledge|Close Combat|p1a: Beheeyem\n|-resisted|p1a: Beheeyem\n|-damage|p1a: Beheeyem|21/100\n|-unboost|p2a: Ceruledge|def|1\n|-unboost|p2a: Ceruledge|spd|1\n|\n|-damage|p2a: Ceruledge|82/100 tox|[from] psn\n|upkeep\n|turn|27\n|\n|t:|1763336130\n|move|p2a: Ceruledge|Bitter Blade|p1a: Beheeyem\n|-damage|p1a: Beheeyem|0 fnt\n|-heal|p2a: Ceruledge|95/100 tox|[from] drain|[of] p1a: Beheeyem\n|faint|p1a: Beheeyem\n|\n|-damage|p2a: Ceruledge|76/100 tox|[from] psn\n|upkeep\n|\n|t:|1763336132\n|switch|p1a: Ho-Ho|Ho-Ho, M, tera:Water|100/100\n|turn|28\n|\n|t:|1763336135\n|move|p2a: Ceruledge|Close Combat|p1a: Ho-Ho\n|-damage|p1a: Ho-Ho|0 fnt\n|-unboost|p2a: Ceruledge|def|1\n|-unboost|p2a: Ceruledge|spd|1\n|faint|p1a: Ho-Ho\n|\n|win|MegaIdot\n|l|☆saygexxed\n|player|p1|\n|c|☆MegaIdot|gg\n","players":["saygexxed","MegaIdot"],"format":"[Gen 9] NatDex Draft","rating":null,"private":0,"password":null,"inputlog":">version bda41b09cd31ac6b2654126193925bf16eb3bbee\n>start {\"formatid\":\"gen9natdexdraft@@@Tera Type Preview\",\"seed\":\"sodium,92b7095e1728746ac4386b5d8e0974d9\"}\n>player p1 {\"name\":\"saygexxed\",\"avatar\":\"102\",\"team\":\"Beheeyem||Beheeyemite|Synchronize|Synchronoise,Barrier,CalmMind,Recover|Modest|248,,8,252,,|M|,0,,,,|||,,,,,Psychic]Iron Spore||LightClay|QuarkDrive|VoltSwitch,StrengthSap,LightScreen,Reflect|Timid|248,,76,,,184|M|,0,,,,|||,,,,,Grass]Gardevoir-Hell||ChoiceSpecs|MagicGuard|LightofRuin,Moonblast,EarthPower,MysticalFire|Modest|248,,,252,8,|M|,0,,,,|||,,,,,Fairy]Probenose||ChopleBerry|Levitate|StealthRock,HiddenPowerIce,VoltSwitch,Recover|Bold|248,,252,,8,|M|,0,,,,|||,Ice,,,,Electric]Savage Scythe||BoosterEnergy|Protosynthesis|LeechLife,Crabhammer,IronTail,SwordsDance|Jolly|44,212,,,,252|F||||,,,,,Bug]Ho-Ho||HeavyDutyBoots|Regenerator|SacredFire,BraveBird,Toxic,Roost|Bold|248,,252,,8,|M||||,,,,,Water\",\"rating\":0}\n>player p2 {\"name\":\"MegaIdot\",\"avatar\":\"swimmer-gen4dp\",\"team\":\"Ceruledge||Ceruledgite|WeakArmor|SwordsDance,BitterBlade,CloseCombat,ShadowSneak|Jolly|,252,,,4,252|F||S||,,,,,Fire]Porygon2||Eviolite|Trace|Recover,ThunderWave,IceBeam,FoulPlay|Bold|252,,252,,4,|N|,0,,,,|||,,,,,Normal]Ferrothorn||Leftovers|IronBarbs|StealthRock,LeechSeed,KnockOff,GyroBall|Sassy|252,,4,,252,|M|,,,,,0|||,,,,,Grass]Palafin||Leftovers|ZerotoHero|DrainPunch,IcePunch,JetPunch,BulkUp|Adamant|,252,,,4,252|M||||,,,,,Water]Gliscor||ToxicOrb|PoisonHeal|Earthquake,Toxic,KnockOff,Defog|Impish|252,,184,,,72|M||||,,,,,Steel]Darkrai||LifeOrb|BadDreams|NastyPlot,DarkPulse,SludgeBomb,FocusBlast|Timid|,,,252,4,252|N|,0,,,,|||,,,,,Dark\",\"rating\":0}\n>chat ☆MegaIdot|hfhf\n>p1 team 5, 2, 3, 4, 1, 6\n>p2 team 4, 2, 3, 1, 5, 6\n>p1 move swordsdance\n>p2 switch 3\n>p1 move leechlife\n>p2 move leechseed\n>p1 move leechlife\n>p2 move gyroball\n>p2 switch 2\n>p1 move crabhammer\n>p2 move foulplay\n>p1 switch 3\n>p1 move lightofruin\n>p2 move icebeam\n>p2 switch 3\n>p1 switch 2\n>p2 move icepunch\n>p1 move strengthsap\n>p2 switch 5\n>p1 move reflect\n>p2 move earthquake\n>p1 switch 2\n>p2 move knockoff\n>p1 move lightofruin\n>p2 move toxic\n>p1 move lightofruin\n>p2 move earthquake\n>chat ☆MegaIdot|mb\n>chat ☆saygexxed|Ok man\n>p1 move lightofruin\n>p2 move earthquake\n>chat ☆saygexxed|Ok \n>p2 switch 4\n>p1 move earthpower\n>p2 move bitterblade mega\n>p1 switch 6\n>p1 move toxic terastallize\n>p2 switch 5\n>p1 move bravebird\n>p2 move bulkup\n>p1 switch 2\n>p2 move drainpunch\n>p1 move strengthsap\n>p2 move jetpunch\n>p1 move reflect\n>p2 move icepunch\n>p1 move strengthsap\n>p2 move icepunch\n>p2 switch 6\n>p1 move voltswitch\n>p2 move nastyplot\n>p1 switch 2\n>p1 move toxic\n>p2 move darkpulse\n>p1 switch 4\n>p2 move darkpulse\n>p1 move voltswitch\n>p2 move darkpulse\n>p1 switch 4\n>p1 switch 2\n>p2 move darkpulse\n>p1 switch 2\n>p2 switch 5\n>p1 move toxic\n>p2 move swordsdance\n>p1 switch 5\n>p2 move closecombat\n>p1 move barrier\n>p2 move bitterblade\n>p1 switch 5\n>p1 move bravebird\n>p2 move closecombat","uploadtime":1763336149}