{"id":"gen9natdexdraft-193","log":"|j|☆Tapuplayz\n|j|☆lols/bolt strika\n|t:|1762009490\n|gametype|singles\n|player|p1|Tapuplayz|benga|\n|player|p2|lols/bolt strika|caitlin|\n|gen|9\n|tier|[Gen 9] NatDex Draft\n|rule|Tera Type Preview: Tera Types are shown at Team Preview\n|rule|Sleep Clause Mod: Limit one foe put to sleep\n|rule|OHKO Clause: OHKO moves are banned\n|rule|Evasion Clause: Evasion abilities, items, and moves are banned\n|rule|Evasion Abilities Clause: Evasion abilities are banned\n|rule|Evasion Items Clause: Evasion items are banned\n|rule|Evasion Moves Clause: Evasion moves are banned\n|rule|Endless Battle Clause: Forcing endless battles is banned\n|rule|HP Percentage Mod: HP is shown in percentages\n|raw|<div class=\"infobox\"><details class=\"readmore\" open><summary><strong>1 custom rule:</strong></summary> Tera Type Preview</details></div>\n|clearpoke\n|poke|p1|Ogerpon-Hearthflame, F|\n|poke|p1|Thundurus, M|\n|poke|p1|Garchomp, M|\n|poke|p1|Marshydow, M|\n|poke|p1|Zoroark-Hisui, M|\n|poke|p1|Toxtricity, M|\n|poke|p2|Elecprobe|\n|poke|p2|Gholdengo-Sea, M|\n|poke|p2|Ting-Lu|\n|poke|p2|Altaria-Hell, F|\n|poke|p2|Jirachi|\n|poke|p2|Mandibuzz, F|\n|raw|Tapuplayz's Tera Types:<br /><psicon pokemon=\"ogerponhearthflame\" /><psicon type=\"Fire\" /> / <psicon pokemon=\"thundurus\" /><psicon type=\"Electric\" /> / <psicon pokemon=\"garchomp\" /><psicon type=\"Dragon\" /> / <psicon pokemon=\"marshydow\" /><psicon type=\"Ghost\" /> / <psicon pokemon=\"zoroarkhisui\" /><psicon type=\"Normal\" /> / <psicon pokemon=\"toxtricity\" /><psicon type=\"Electric\" />\n|raw|lols/bolt strika's Tera Types:<br /><psicon pokemon=\"elecprobe\" /><psicon type=\"Ground\" /> / <psicon pokemon=\"gholdengosea\" /><psicon type=\"Ghost\" /> / <psicon pokemon=\"tinglu\" /><psicon type=\"Dark\" /> / <psicon pokemon=\"altariahell\" /><psicon type=\"Fire\" /> / <psicon pokemon=\"jirachi\" /><psicon type=\"Steel\" /> / <psicon pokemon=\"mandibuzz\" /><psicon type=\"Dark\" />\n|teampreview\n|c|☆lols/bolt strika|glhf\n|c|☆Tapuplayz|you too\n|\n|t:|1762009517\n|teamsize|p1|6\n|teamsize|p2|6\n|start\n|switch|p1a: Ogerpon|Ogerpon-Hearthflame, F|100/100\n|switch|p2a: Oceanus|Gholdengo-Sea, M, shiny|100/100\n|-ability|p1a: Ogerpon|Mold Breaker\n|turn|1\n|\n|t:|1762009524\n|move|p2a: Oceanus|Flip Turn|p1a: Ogerpon\n|-damage|p1a: Ogerpon|84/100\n|\n|t:|1762009527\n|switch|p2a: Persephone|Mandibuzz, F, shiny|100/100|[from] Flip Turn\n|move|p1a: Ogerpon|Knock Off|p2a: Persephone\n|-resisted|p2a: Persephone\n|-damage|p2a: Persephone|90/100\n|-enditem|p2a: Persephone|Heavy-Duty Boots|[from] move: Knock Off|[of] p1a: Ogerpon\n|\n|upkeep\n|turn|2\n|\n|t:|1762009539\n|move|p1a: Ogerpon|Play Rough|p2a: Persephone\n|-supereffective|p2a: Persephone\n|-damage|p2a: Persephone|52/100\n|move|p2a: Persephone|U-turn|p1a: Ogerpon\n|-damage|p1a: Ogerpon|68/100\n|\n|t:|1762009544\n|switch|p2a: Aphrodite|Altaria-Hell, F, shiny|100/100|[from] U-turn\n|\n|upkeep\n|turn|3\n|\n|t:|1762009551\n|switch|p1a: Thundurus|Thundurus, M|100/100\n|detailschange|p2a: Aphrodite|Altaria-Hell-Mega, F, shiny\n|-mega|p2a: Aphrodite|Altaria-Hell|Altarite HELL\n|move|p2a: Aphrodite|Fiery Dance|p1a: Thundurus\n|-damage|p1a: Thundurus|45/100\n|-boost|p2a: Aphrodite|spa|1\n|\n|upkeep\n|turn|4\n|\n|t:|1762009572\n|move|p1a: Thundurus|Thunder Wave|p2a: Aphrodite\n|-status|p2a: Aphrodite|par\n|move|p2a: Aphrodite|Moonblast|p1a: Thundurus\n|-damage|p1a: Thundurus|0 fnt\n|faint|p1a: Thundurus\n|\n|upkeep\n|\n|t:|1762009582\n|switch|p1a: Toxtricity|Toxtricity, M|100/100\n|turn|5\n|\n|t:|1762009586\n|switch|p2a: Gaia|Ting-Lu|100/100\n|-ability|p2a: Gaia|Vessel of Ruin\n|detailschange|p1a: Toxtricity|Toxtricity-Mega, M\n|-mega|p1a: Toxtricity|Toxtricity|Toxtricite\n|-ability|p1a: Toxtricity|Boots of Ruin\n|move|p1a: Toxtricity|Sludge Bomb|p2a: Gaia\n|-resisted|p2a: Gaia\n|-damage|p2a: Gaia|88/100\n|-status|p2a: Gaia|psn\n|\n|-heal|p2a: Gaia|94/100 psn|[from] item: Leftovers\n|-damage|p2a: Gaia|82/100 psn|[from] psn\n|upkeep\n|turn|6\n|\n|t:|1762009600\n|switch|p1a: Garchomp|Garchomp, M|100/100\n|move|p2a: Gaia|Earthquake|p1a: Garchomp\n|-damage|p1a: Garchomp|62/100\n|\n|-heal|p2a: Gaia|88/100 psn|[from] item: Leftovers\n|-damage|p2a: Gaia|75/100 psn|[from] psn\n|upkeep\n|turn|7\n|\n|t:|1762009609\n|move|p1a: Garchomp|Stealth Rock|p2a: Gaia\n|-sidestart|p2: lols/bolt strika|move: Stealth Rock\n|move|p2a: Gaia|Whirlwind|p1a: Garchomp\n|drag|p1a: Ogerpon|Ogerpon-Hearthflame, F|68/100\n|-ability|p1a: Ogerpon|Mold Breaker\n|\n|-heal|p2a: Gaia|82/100 psn|[from] item: Leftovers\n|-damage|p2a: Gaia|69/100 psn|[from] psn\n|upkeep\n|turn|8\n|\n|t:|1762009618\n|switch|p2a: Aphrodite|Altaria-Hell-Mega, F, shiny|100/100 par\n|move|p1a: Ogerpon|Horn Leech|p2a: Aphrodite\n|-resisted|p2a: Aphrodite\n|-damage|p2a: Aphrodite|78/100 par\n|-heal|p1a: Ogerpon|82/100|[from] drain|[of] p2a: Aphrodite\n|\n|upkeep\n|turn|9\n|\n|t:|1762009627\n|switch|p1a: Toxtricity|Toxtricity-Mega, M|100/100\n|-ability|p1a: Toxtricity|Boots of Ruin\n|move|p2a: Aphrodite|Fiery Dance|p1a: Toxtricity\n|-damage|p1a: Toxtricity|62/100\n|-boost|p2a: Aphrodite|spa|1\n|\n|upkeep\n|turn|10\n|\n|t:|1762009635\n|switch|p2a: Athena|Jirachi, shiny|100/100\n|-damage|p2a: Athena|94/100|[from] Stealth Rock\n|move|p1a: Toxtricity|Boomburst|p2a: Athena\n|-resisted|p2a: Athena\n|-damage|p2a: Athena|66/100\n|\n|-heal|p2a: Athena|72/100|[from] item: Leftovers\n|upkeep\n|turn|11\n|\n|t:|1762009647\n|switch|p1a: Toxtricity|Toxtricity-Mega, M|100/100\n|move|p2a: Athena|Stealth Rock|p1a: Toxtricity\n|-sidestart|p1: Tapuplayz|move: Stealth Rock\n|\n|-heal|p2a: Athena|78/100|[from] item: Leftovers\n|upkeep\n|turn|12\n|\n|t:|1762009653\n|switch|p2a: Gaia|Ting-Lu|69/100 psn\n|-damage|p2a: Gaia|63/100 psn|[from] Stealth Rock\n|-ability|p2a: Gaia|Vessel of Ruin\n|move|p1a: Toxtricity|Knock Off|p2a: Gaia\n|-resisted|p2a: Gaia\n|-damage|p2a: Gaia|57/100 psn\n|-enditem|p2a: Gaia|Leftovers|[from] move: Knock Off|[of] p1a: Toxtricity\n|\n|-damage|p2a: Gaia|45/100 psn|[from] psn\n|upkeep\n|turn|13\n|\n|t:|1762009664\n|move|p1a: Toxtricity|U-turn|p2a: Gaia\n|-supereffective|p2a: Gaia\n|-damage|p2a: Gaia|28/100 psn\n|\n|t:|1762009667\n|switch|p1a: Ogerpon|Ogerpon-Hearthflame, F|82/100|[from] U-turn\n|-damage|p1a: Ogerpon|57/100|[from] Stealth Rock\n|-ability|p1a: Ogerpon|Mold Breaker\n|move|p2a: Gaia|Earthquake|p1a: Ogerpon\n|-damage|p1a: Ogerpon|7/100\n|\n|-damage|p2a: Gaia|16/100 psn|[from] psn\n|upkeep\n|turn|14\n|\n|t:|1762009679\n|move|p1a: Ogerpon|Horn Leech|p2a: Gaia\n|-supereffective|p2a: Gaia\n|-damage|p2a: Gaia|0 fnt\n|-heal|p1a: Ogerpon|19/100|[from] drain|[of] p2a: Gaia\n|faint|p2a: Gaia\n|\n|upkeep\n|\n|t:|1762009687\n|switch|p2a: Demeter|Elecprobe, shiny|100/100\n|-damage|p2a: Demeter|88/100|[from] Stealth Rock\n|turn|15\n|\n|t:|1762009694\n|-terastallize|p2a: Demeter|Ground\n|move|p2a: Demeter|Tera Blast|p1a: Ogerpon|[anim] Tera Blast Ground\n|-damage|p1a: Ogerpon|0 fnt\n|faint|p1a: Ogerpon\n|\n|upkeep\n|\n|t:|1762009702\n|switch|p1a: Garchomp|Garchomp, M|62/100\n|-damage|p1a: Garchomp|55/100|[from] Stealth Rock\n|turn|16\n|\n|t:|1762009707\n|move|p2a: Demeter|Tera Blast|p1a: Garchomp|[anim] Tera Blast Ground\n|-damage|p1a: Garchomp|11/100\n|move|p1a: Garchomp|Dragon Tail|p2a: Demeter\n|-damage|p2a: Demeter|47/100\n|drag|p2a: Athena|Jirachi, shiny|78/100\n|-damage|p2a: Athena|72/100|[from] Stealth Rock\n|\n|-heal|p2a: Athena|78/100|[from] item: Leftovers\n|upkeep\n|turn|17\n|\n|t:|1762009717\n|switch|p2a: Persephone|Mandibuzz, F, shiny|52/100\n|-damage|p2a: Persephone|27/100|[from] Stealth Rock\n|move|p1a: Garchomp|Earthquake|p2a: Persephone\n|-immune|p2a: Persephone\n|\n|upkeep\n|turn|18\n|\n|t:|1762009724\n|move|p2a: Persephone|Roost|p2a: Persephone\n|-heal|p2a: Persephone|78/100\n|-singleturn|p2a: Persephone|move: Roost\n|move|p1a: Garchomp|Dragon Tail|p2a: Persephone\n|-damage|p2a: Persephone|58/100\n|drag|p2a: Oceanus|Gholdengo-Sea, M, shiny|100/100\n|-damage|p2a: Oceanus|88/100|[from] Stealth Rock\n|\n|upkeep\n|turn|19\n|\n|t:|1762009733\n|move|p2a: Oceanus|Flip Turn|p1a: Garchomp\n|-crit|p1a: Garchomp\n|-damage|p1a: Garchomp|0 fnt\n|-damage|p2a: Oceanus|76/100|[from] ability: Rough Skin|[of] p1a: Garchomp\n|-damage|p2a: Oceanus|59/100|[from] item: Rocky Helmet|[of] p1a: Garchomp\n|faint|p1a: Garchomp\n|\n|t:|1762009735\n|switch|p2a: Demeter|Elecprobe, shiny, tera:Ground|47/100|[from] Flip Turn\n|-damage|p2a: Demeter|41/100|[from] Stealth Rock\n|\n|upkeep\n|\n|t:|1762009746\n|switch|p1a: Toxtricity|Toxtricity-Mega, M|100/100\n|-damage|p1a: Toxtricity|88/100|[from] Stealth Rock\n|turn|20\n|\n|t:|1762009752\n|move|p2a: Demeter|Volt Switch|p1a: Toxtricity\n|-damage|p1a: Toxtricity|34/100\n|replace|p1a: Zoroark|Zoroark-Hisui, M\n|-end|p1a: Zoroark|Illusion\n|\n|t:|1762009758\n|switch|p2a: Persephone|Mandibuzz, F, shiny|58/100|[from] Volt Switch\n|-damage|p2a: Persephone|33/100|[from] Stealth Rock\n|move|p1a: Zoroark|Knock Off|p2a: Persephone\n|-resisted|p2a: Persephone\n|-damage|p2a: Persephone|29/100\n|\n|upkeep\n|turn|21\n|\n|t:|1762009765\n|move|p1a: Zoroark|U-turn|p2a: Persephone\n|-damage|p2a: Persephone|19/100\n|\n|t:|1762009768\n|switch|p1a: Toxtricity|Toxtricity-Mega, M|62/100|[from] U-turn\n|-damage|p1a: Toxtricity|50/100|[from] Stealth Rock\n|-ability|p1a: Toxtricity|Boots of Ruin\n|move|p2a: Persephone|Roost|p2a: Persephone\n|-heal|p2a: Persephone|70/100\n|-singleturn|p2a: Persephone|move: Roost\n|\n|upkeep\n|turn|22\n|\n|t:|1762009777\n|switch|p2a: Athena|Jirachi, shiny|78/100\n|-damage|p2a: Athena|72/100|[from] Stealth Rock\n|move|p1a: Toxtricity|Boomburst|p2a: Athena\n|-resisted|p2a: Athena\n|-crit|p2a: Athena\n|-damage|p2a: Athena|34/100\n|\n|-heal|p2a: Athena|40/100|[from] item: Leftovers\n|upkeep\n|turn|23\n|\n|t:|1762009786\n|switch|p1a: Toxtricity|Toxtricity-Mega, M|34/100\n|-damage|p1a: Toxtricity|21/100|[from] Stealth Rock\n|move|p2a: Athena|Iron Head|p1a: Toxtricity\n|-damage|p1a: Toxtricity|0 fnt\n|replace|p1a: Zoroark|Zoroark-Hisui, M\n|-end|p1a: Zoroark|Illusion\n|faint|p1a: Zoroark\n|\n|-heal|p2a: Athena|46/100|[from] item: Leftovers\n|upkeep\n|\n|t:|1762009795\n|switch|p1a: Marshydow|Marshydow, M|100/100\n|-damage|p1a: Marshydow|94/100|[from] Stealth Rock\n|turn|24\n|\n|t:|1762009799\n|move|p1a: Marshydow|Spectral Thief|p2a: Athena\n|-supereffective|p2a: Athena\n|-damage|p2a: Athena|0 fnt\n|faint|p2a: Athena\n|-damage|p1a: Marshydow|84/100|[from] item: Life Orb\n|\n|upkeep\n|\n|t:|1762009806\n|switch|p2a: Aphrodite|Altaria-Hell-Mega, F, shiny|78/100 par\n|turn|25\n|\n|t:|1762009810\n|move|p1a: Marshydow|Spectral Thief|p2a: Aphrodite\n|-damage|p2a: Aphrodite|27/100 par\n|-damage|p1a: Marshydow|74/100|[from] item: Life Orb\n|move|p2a: Aphrodite|Moonblast|p1a: Marshydow\n|-supereffective|p1a: Marshydow\n|-damage|p1a: Marshydow|0 fnt\n|faint|p1a: Marshydow\n|\n|upkeep\n|\n|t:|1762009819\n|switch|p1a: Toxtricity|Toxtricity-Mega, M|50/100\n|-damage|p1a: Toxtricity|37/100|[from] Stealth Rock\n|-ability|p1a: Toxtricity|Boots of Ruin\n|turn|26\n|\n|t:|1762009826\n|move|p1a: Toxtricity|Sludge Bomb|p2a: Aphrodite\n|-supereffective|p2a: Aphrodite\n|-damage|p2a: Aphrodite|0 fnt\n|faint|p2a: Aphrodite\n|detailschange|p2: Aphrodite|Altaria-Hell, F, shiny|[silent]\n|\n|upkeep\n|\n|t:|1762009828\n|switch|p2a: Demeter|Elecprobe, shiny, tera:Ground|41/100\n|-damage|p2a: Demeter|35/100|[from] Stealth Rock\n|turn|27\n|c|☆Tapuplayz|gg\n|c|☆lols/bolt strika|gg\n|\n|t:|1762009834\n|move|p2a: Demeter|Tera Blast|p1a: Toxtricity|[anim] Tera Blast Ground\n|-supereffective|p1a: Toxtricity\n|-damage|p1a: Toxtricity|0 fnt\n|faint|p1a: Toxtricity\n|detailschange|p1: Toxtricity|Toxtricity, M|[silent]\n|\n|win|lols/bolt strika\n","players":["Tapuplayz","lols/bolt strika"],"format":"[Gen 9] NatDex Draft","rating":null,"private":0,"password":null,"inputlog":">version 45155aae5f8061339c74c9c5e644a1ccebb86151\n>start {\"formatid\":\"gen9natdexdraft@@@Tera Type Preview\",\"seed\":\"sodium,65c00a16b71b9e0a27ec7e1d3e130081\"}\n>player p1 {\"name\":\"Tapuplayz\",\"avatar\":\"benga\",\"team\":\"Ogerpon|OgerponHearthflame|HearthflameMask|MoldBreaker|IvyCudgel,HornLeech,PlayRough,KnockOff|Jolly|,252,,,4,252|F||||,Poison,,,,Fire]Thundurus||HeavyDutyBoots|Prankster|ThunderWave,WildboltStorm,Taunt,Psychic|Timid|,,,252,4,252|M|,0,,,,|||,,,,,Electric]Garchomp||RockyHelmet|RoughSkin|StealthRock,Spikes,Earthquake,DragonTail|Jolly|,252,,,4,252|M||||,,,,,Dragon]Marshydow||LifeOrb|Technician|DrainPunch,IcePunch,ShadowSneak,SpectralThief|Jolly|,252,,,4,252|M||||,,,,,Ghost]Zoroark|ZoroarkHisui|FocusSash|Illusion|WillOWisp,KnockOff,Protect,Uturn|Jolly|252,4,,,,252|M||||,,,,,Normal]Toxtricity||Toxtricite|PunkRock|Boomburst,Overdrive,SludgeBomb,Toxic|Modest|252,,,252,4,|M|,0,,,,|||,,,,,Electric\",\"rating\":0}\n>player p2 {\"name\":\"lols/bolt strika\",\"avatar\":\"caitlin\",\"team\":\"Demeter|Elecprobe|ExpertBelt|Static|TeraBlast,VoltSwitch,ElectroDrift,NastyPlot|Modest|8,,192,220,16,72|N||S||,,,,,Ground]Oceanus|GholdengoSea|ChoiceScarf|GoodasGold|FlipTurn,IceBeam,ShadowBall,HydroPump|Timid|8,,60,220,12,208|M||S||,,,,,Ghost]Gaia|TingLu|Leftovers|VesselofRuin|Earthquake,Spikes,Ruination,Whirlwind|Careful|4,12,240,,252,|N||||,,,,,Dark]Aphrodite|AltariaHell|AltariteHELL|NaturalCure|Agility,Moonblast,FieryDance,Roost|Modest|248,,24,16,4,216|F|,0,,,,|S||,,,,,Fire]Athena|Jirachi|Leftovers|SereneGrace|StealthRock,Uturn,Encore,IronHead|Careful|244,8,40,,216,|N||S||,,,,,Steel]Persephone|Mandibuzz|HeavyDutyBoots|Overcoat|FoulPlay,Roost,Defog,Uturn|Impish|248,,240,,20,|F||S||,,,,,Dark\",\"rating\":0}\n>chat ☆lols/bolt strika|glhf\n>chat ☆Tapuplayz|you too\n>p1 team 1, 6, 2, 3, 4, 5\n>p2 team 2, 1, 3, 4, 5, 6\n>p1 move knockoff\n>p2 move flipturn\n>p2 switch 6\n>p1 move playrough\n>p2 move uturn\n>p2 switch 4\n>p1 switch 3\n>p2 move fierydance mega\n>p1 move thunderwave\n>p2 move moonblast\n>p1 switch 2\n>p1 move sludgebomb mega\n>p2 switch 3\n>p1 switch 4\n>p2 move earthquake\n>p1 move stealthrock\n>p2 move whirlwind\n>p1 move hornleech\n>p2 switch 3\n>p1 switch 4\n>p2 move fierydance\n>p1 move boomburst\n>p2 switch 5\n>p1 switch 6\n>p2 move stealthrock\n>p1 move knockoff\n>p2 switch 3\n>p1 move uturn\n>p2 move earthquake\n>p1 switch 4\n>p1 move hornleech\n>p2 move spikes\n>p2 switch 2\n>p1 move ivycudgel\n>p2 move terablast terastallize\n>p1 switch 3\n>p1 move dragontail\n>p2 move terablast\n>p1 move earthquake\n>p2 switch 4\n>p1 move dragontail\n>p2 move roost\n>p1 move dragontail\n>p2 move flipturn\n>p2 switch 3\n>p1 switch 4\n>p1 move knockoff\n>p2 move voltswitch\n>p2 switch 6\n>p1 move uturn\n>p2 move roost\n>p1 switch 6\n>p1 move boomburst\n>p2 switch 4\n>p1 switch 6\n>p2 move ironhead\n>p1 switch 5\n>p1 move spectralthief\n>p2 move encore\n>p2 switch 5\n>p1 move spectralthief\n>p2 move moonblast\n>p1 switch 6\n>p1 move sludgebomb\n>p2 move fierydance\n>p2 switch 6\n>chat ☆Tapuplayz|gg\n>chat ☆lols/bolt strika|gg\n>p1 move sludgebomb\n>p2 move terablast","uploadtime":1762009849}