{"id":"gen9natdexdraft-226","log":"|j|☆BloomingDino\n|j|☆Rogue657\n|t:|1766441717\n|gametype|singles\n|player|p1|BloomingDino|266|\n|player|p2|Rogue657|170|\n|gen|9\n|tier|[Gen 9] NatDex Draft\n|rule|Sleep Clause Mod: Limit one foe put to sleep\n|rule|OHKO Clause: OHKO moves are banned\n|rule|Evasion Clause: Evasion abilities, items, and moves are banned\n|rule|Evasion Abilities Clause: Evasion abilities are banned\n|rule|Evasion Items Clause: Evasion items are banned\n|rule|Evasion Moves Clause: Evasion moves are banned\n|rule|Endless Battle Clause: Forcing endless battles is banned\n|rule|HP Percentage Mod: HP is shown in percentages\n|clearpoke\n|poke|p1|Gliscor, F|\n|poke|p1|Vanilluxe, F|\n|poke|p1|Ogerpon, F|\n|poke|p1|Palafin, F|\n|poke|p1|Pecharunt|\n|poke|p1|Glimmora, F|\n|poke|p2|Leavanny, F|\n|poke|p2|Empoleon, F|\n|poke|p2|Tornadus-Therian, M|\n|poke|p2|Drapion, M|\n|poke|p2|Skeledirge, F|\n|poke|p2|Greninja-*, M|\n|teampreview\n|c|☆BloomingDino|glhf\n|c|☆Rogue657|You too\n|\n|t:|1766441861\n|teamsize|p1|6\n|teamsize|p2|6\n|start\n|switch|p1a: Vanilluxe|Vanilluxe, F, shiny|100/100\n|switch|p2a: Empoleon|Empoleon, F|100/100\n|-weather|Snowscape|[from] ability: Snow Warning|[of] p1a: Vanilluxe\n|-item|p2a: Empoleon|Air Balloon\n|turn|1\n|\n|t:|1766441974\n|switch|p2a: Skeledirge|Skeledirge, F|100/100\n|move|p1a: Vanilluxe|Ice Shard|p2a: Skeledirge\n|-resisted|p2a: Skeledirge\n|-damage|p2a: Skeledirge|95/100\n|\n|-weather|Snowscape|[upkeep]\n|-heal|p2a: Skeledirge|100/100|[from] item: Leftovers\n|upkeep\n|turn|2\n|\n|t:|1766442072\n|switch|p1a: Palafin|Palafin, F, shiny|100/100\n|move|p2a: Skeledirge|Will-O-Wisp|p1a: Palafin\n|-status|p1a: Palafin|brn\n|\n|-weather|Snowscape|[upkeep]\n|-damage|p1a: Palafin|94/100 brn|[from] brn\n|upkeep\n|turn|3\n|c|☆Rogue657|Big burn honestly \n|c|☆Rogue657|Palafin is a menace \n|\n|t:|1766442150\n|move|p1a: Palafin|Throat Chop|p2a: Skeledirge\n|-supereffective|p2a: Skeledirge\n|-damage|p2a: Skeledirge|76/100\n|-start|p2a: Skeledirge|Throat Chop|[silent]\n|cant|p2a: Skeledirge|move: Throat Chop\n|\n|-weather|Snowscape|[upkeep]\n|-heal|p2a: Skeledirge|82/100|[from] item: Leftovers\n|-damage|p1a: Palafin|88/100 brn|[from] brn\n|upkeep\n|turn|4\n|\n|t:|1766442248\n|detailschange|p1a: Palafin|Palafin-Hero, F, shiny\n|switch|p1a: Gliscor|Gliscor, F, shiny|100/100\n|switch|p2a: Drapion|Drapion, M, shiny|100/100\n|\n|-weather|Snowscape|[upkeep]\n|upkeep\n|turn|5\n|\n|t:|1766442320\n|move|p1a: Gliscor|Spikes|p2a: Drapion\n|-sidestart|p2: Rogue657|Spikes\n|move|p2a: Drapion|Ice Fang|p1a: Gliscor\n|-supereffective|p1a: Gliscor\n|-damage|p1a: Gliscor|0 fnt\n|faint|p1a: Gliscor\n|\n|-weather|none\n|upkeep\n|\n|t:|1766442371\n|switch|p1a: Glimmora|Glimmora, F, shiny|100/100\n|turn|6\n|\n|t:|1766442400\n|switch|p2a: Empoleon|Empoleon, F|100/100\n|-item|p2a: Empoleon|Air Balloon\n|move|p1a: Glimmora|Earth Power|p2a: Empoleon\n|-immune|p2a: Empoleon\n|\n|upkeep\n|turn|7\n|\n|t:|1766442422\n|move|p1a: Glimmora|Energy Ball|p2a: Empoleon\n|-damage|p2a: Empoleon|74/100\n|-enditem|p2a: Empoleon|Air Balloon\n|move|p2a: Empoleon|Hydro Pump|p1a: Glimmora|[miss]\n|-miss|p2a: Empoleon|p1a: Glimmora\n|\n|upkeep\n|turn|8\n|\n|t:|1766442504\n|switch|p1a: Palafin|Palafin-Hero, F, shiny|88/100 brn\n|-activate|p1a: Palafin|ability: Zero to Hero\n|move|p2a: Empoleon|Hydro Pump|p1a: Palafin|[miss]\n|-miss|p2a: Empoleon|p1a: Palafin\n|\n|-damage|p1a: Palafin|82/100 brn|[from] brn\n|upkeep\n|turn|9\n|c|☆Rogue657|2 hydro misses\n|c|☆Rogue657|Pain\n|\n|t:|1766442540\n|switch|p2a: Drapion|Drapion, M, shiny|100/100\n|-damage|p2a: Drapion|88/100|[from] Spikes\n|move|p1a: Palafin|Throat Chop|p2a: Drapion\n|-resisted|p2a: Drapion\n|-damage|p2a: Drapion|75/100\n|-start|p2a: Drapion|Throat Chop|[silent]\n|\n|-damage|p1a: Palafin|76/100 brn|[from] brn\n|upkeep\n|turn|10\n|l|☆BloomingDino\n|player|p1|\n|j|☆BloomingDino\n|player|p1|BloomingDino|266|\n|c|☆BloomingDino|bro why the heck \n|c|☆BloomingDino|did the server \n|c|☆BloomingDino|close down \n|c|☆BloomingDino|unless it was only for me\n|c|☆Rogue657|I think only for you \n|c|☆BloomingDino|my calc is gone now \n|c|☆BloomingDino|let me try to resey \n|c|☆BloomingDino|reset\n|\n|t:|1766442694\n|switch|p1a: Vanilluxe|Vanilluxe, F, shiny|100/100\n|-weather|Snowscape|[from] ability: Snow Warning|[of] p1a: Vanilluxe\n|move|p2a: Drapion|Knock Off|p1a: Vanilluxe\n|-damage|p1a: Vanilluxe|59/100\n|-enditem|p1a: Vanilluxe|Occa Berry|[from] move: Knock Off|[of] p2a: Drapion\n|\n|-weather|Snowscape|[upkeep]\n|-end|p2a: Drapion|Throat Chop|[silent]\n|upkeep\n|turn|11\n|\n|t:|1766442766\n|switch|p2a: Skeledirge|Skeledirge, F|82/100\n|-damage|p2a: Skeledirge|70/100|[from] Spikes\n|move|p1a: Vanilluxe|Blizzard|p2a: Skeledirge\n|-resisted|p2a: Skeledirge\n|-damage|p2a: Skeledirge|50/100\n|\n|-weather|Snowscape|[upkeep]\n|-heal|p2a: Skeledirge|56/100|[from] item: Leftovers\n|upkeep\n|turn|12\n|\n|t:|1766442790\n|switch|p1a: Glimmora|Glimmora, F, shiny|100/100\n|move|p2a: Skeledirge|Slack Off|p2a: Skeledirge\n|-heal|p2a: Skeledirge|100/100\n|\n|-weather|Snowscape|[upkeep]\n|upkeep\n|turn|13\n|\n|t:|1766442886\n|switch|p2a: Leavanny|Leavanny, F, shiny|100/100\n|-damage|p2a: Leavanny|88/100|[from] Spikes\n|move|p1a: Glimmora|Earth Power|p2a: Leavanny\n|-resisted|p2a: Leavanny\n|-damage|p2a: Leavanny|76/100\n|\n|-weather|Snowscape|[upkeep]\n|upkeep\n|turn|14\n|\n|t:|1766442932\n|move|p2a: Leavanny|Leaf Blade|p1a: Glimmora\n|-damage|p1a: Glimmora|47/100\n|-activate|p1a: Glimmora|ability: Toxic Debris\n|-sidestart|p2: Rogue657|move: Toxic Spikes\n|move|p1a: Glimmora|Sludge Wave|p2a: Leavanny\n|-supereffective|p2a: Leavanny\n|-crit|p2a: Leavanny\n|-damage|p2a: Leavanny|0 fnt\n|faint|p2a: Leavanny\n|\n|-weather|none\n|upkeep\n|\n|t:|1766443083\n|switch|p2a: Greninja|Greninja, M, shiny|100/100\n|-damage|p2a: Greninja|88/100|[from] Spikes\n|-status|p2a: Greninja|psn\n|turn|15\n|\n|t:|1766443113\n|detailschange|p2a: Greninja|Greninja-Mega-ZA, M, shiny\n|-mega|p2a: Greninja|Greninja|GreninjiteZA\n|move|p2a: Greninja|U-turn|p1a: Glimmora\n|-resisted|p1a: Glimmora\n|-damage|p1a: Glimmora|36/100\n|-activate|p1a: Glimmora|ability: Toxic Debris\n|-sidestart|p2: Rogue657|move: Toxic Spikes\n|\n|t:|1766443157\n|switch|p2a: Drapion|Drapion, M, shiny|75/100|[from] U-turn\n|-damage|p2a: Drapion|63/100|[from] Spikes\n|-sideend|p2: Rogue657|move: Toxic Spikes|[of] p2a: Drapion\n|move|p1a: Glimmora|Energy Ball|p2a: Drapion\n|-resisted|p2a: Drapion\n|-damage|p2a: Drapion|38/100\n|\n|upkeep\n|turn|16\n|c|☆BloomingDino|it said your sked has earth power why didn’t you just use that on me \n|\n|t:|1766443179\n|move|p2a: Drapion|Earthquake|p1a: Glimmora\n|-supereffective|p1a: Glimmora\n|-damage|p1a: Glimmora|0 fnt\n|-activate|p1a: Glimmora|ability: Toxic Debris\n|-sidestart|p2: Rogue657|move: Toxic Spikes\n|faint|p1a: Glimmora\n|\n|upkeep\n|\n|t:|1766443187\n|switch|p1a: Vanilluxe|Vanilluxe, F, shiny|59/100\n|-weather|Snowscape|[from] ability: Snow Warning|[of] p1a: Vanilluxe\n|turn|17\n|c|☆Rogue657|???\n|c|☆Rogue657|I never used earth power so dunno why it shows that\n|\n|t:|1766443232\n|switch|p2a: Skeledirge|Skeledirge, F|100/100\n|-damage|p2a: Skeledirge|88/100|[from] Spikes\n|-status|p2a: Skeledirge|psn\n|move|p1a: Vanilluxe|Ice Shard|p2a: Skeledirge\n|-resisted|p2a: Skeledirge\n|-damage|p2a: Skeledirge|82/100 psn\n|\n|-weather|Snowscape|[upkeep]\n|-heal|p2a: Skeledirge|88/100 psn|[from] item: Leftovers\n|-damage|p2a: Skeledirge|76/100 psn|[from] psn\n|upkeep\n|turn|18\n|\n|t:|1766443296\n|switch|p1a: Palafin|Palafin-Hero, F, shiny|76/100 brn\n|move|p2a: Skeledirge|Torch Song|p1a: Palafin\n|-resisted|p1a: Palafin\n|-damage|p1a: Palafin|58/100 brn\n|-boost|p2a: Skeledirge|spa|1\n|\n|-weather|Snowscape|[upkeep]\n|-heal|p2a: Skeledirge|82/100 psn|[from] item: Leftovers\n|-damage|p2a: Skeledirge|70/100 psn|[from] psn\n|-damage|p1a: Palafin|52/100 brn|[from] brn\n|upkeep\n|turn|19\n|\n|t:|1766443320\n|move|p1a: Palafin|Jet Punch|p2a: Skeledirge\n|-supereffective|p2a: Skeledirge\n|-crit|p2a: Skeledirge\n|-damage|p2a: Skeledirge|0 fnt\n|faint|p2a: Skeledirge\n|\n|-weather|Snowscape|[upkeep]\n|-damage|p1a: Palafin|45/100 brn|[from] brn\n|upkeep\n|c|☆Rogue657|Crit is a rip\n|c|☆Rogue657|That crit kinda ruined my position \n|\n|t:|1766443519\n|switch|p2a: Greninja|Greninja-Mega-ZA, M, shiny|88/100 psn\n|-damage|p2a: Greninja|76/100 psn|[from] Spikes\n|turn|20\n|\n|t:|1766443535\n|switch|p1a: Vanilluxe|Vanilluxe, F, shiny|59/100\n|move|p2a: Greninja|Dark Pulse|p1a: Vanilluxe\n|-damage|p1a: Vanilluxe|9/100\n|\n|-weather|Snowscape|[upkeep]\n|-damage|p2a: Greninja|64/100 psn|[from] psn\n|upkeep\n|turn|21\n|\n|t:|1766443573\n|move|p1a: Vanilluxe|Ice Shard|p2a: Greninja\n|-resisted|p2a: Greninja\n|-damage|p2a: Greninja|56/100 psn\n|move|p2a: Greninja|Dark Pulse|p1a: Vanilluxe\n|-damage|p1a: Vanilluxe|0 fnt\n|faint|p1a: Vanilluxe\n|\n|-weather|none\n|-damage|p2a: Greninja|44/100 psn|[from] psn\n|upkeep\n|\n|t:|1766443612\n|switch|p1a: Ogerpon|Ogerpon, F|100/100\n|turn|22\n|\n|t:|1766443706\n|switch|p2a: Tornadus|Tornadus-Therian, M|100/100\n|move|p1a: Ogerpon|Stomping Tantrum|p2a: Tornadus\n|-immune|p2a: Tornadus\n|\n|upkeep\n|turn|23\n|\n|t:|1766443721\n|switch|p1a: Palafin|Palafin-Hero, F, shiny|45/100 brn\n|move|p2a: Tornadus|Nasty Plot|p2a: Tornadus\n|-boost|p2a: Tornadus|spa|2\n|\n|-damage|p1a: Palafin|39/100 brn|[from] brn\n|upkeep\n|turn|24\n|\n|t:|1766443811\n|move|p1a: Palafin|Ice Beam|p2a: Tornadus\n|-supereffective|p2a: Tornadus\n|-damage|p2a: Tornadus|69/100\n|move|p2a: Tornadus|Bleakwind Storm|p1a: Palafin\n|-damage|p1a: Palafin|0 fnt\n|faint|p1a: Palafin\n|\n|upkeep\n|\n|t:|1766443851\n|switch|p1a: Pecharunt|Pecharunt|100/100\n|turn|25\n|\n|t:|1766443861\n|move|p1a: Pecharunt|Protect|p1a: Pecharunt\n|-singleturn|p1a: Pecharunt|Protect\n|move|p2a: Tornadus|Bleakwind Storm|p1a: Pecharunt\n|-activate|p1a: Pecharunt|move: Protect\n|\n|upkeep\n|turn|26\n|\n|t:|1766443870\n|move|p2a: Tornadus|Bleakwind Storm|p1a: Pecharunt\n|-damage|p1a: Pecharunt|24/100\n|-unboost|p1a: Pecharunt|spe|1\n|move|p1a: Pecharunt|Malignant Chain|p2a: Tornadus\n|-damage|p2a: Tornadus|38/100\n|-status|p2a: Tornadus|tox\n|-start|p2a: Tornadus|confusion|[from] ability: Poison Puppeteer|[of] p1a: Pecharunt\n|\n|-damage|p2a: Tornadus|32/100 tox|[from] psn\n|upkeep\n|turn|27\n|\n|t:|1766443894\n|switch|p2a: Empoleon|Empoleon, F|74/100\n|-damage|p2a: Empoleon|62/100|[from] Spikes\n|move|p1a: Pecharunt|Malignant Chain|p2a: Empoleon\n|-immune|p2a: Empoleon\n|\n|upkeep\n|turn|28\n|\n|t:|1766443933\n|move|p2a: Empoleon|Ice Beam|p1a: Pecharunt\n|-damage|p1a: Pecharunt|0 fnt\n|faint|p1a: Pecharunt\n|\n|upkeep\n|\n|t:|1766443938\n|switch|p1a: Ogerpon|Ogerpon, F|100/100\n|turn|29\n|\n|t:|1766443957\n|move|p1a: Ogerpon|Ivy Cudgel|p2a: Empoleon\n|-damage|p2a: Empoleon|13/100\n|move|p2a: Empoleon|Ice Beam|p1a: Ogerpon\n|-supereffective|p1a: Ogerpon\n|-damage|p1a: Ogerpon|28/100\n|\n|upkeep\n|turn|30\n|\n|t:|1766443964\n|move|p2a: Empoleon|Vacuum Wave|p1a: Ogerpon\n|-damage|p1a: Ogerpon|12/100\n|move|p1a: Ogerpon|Ivy Cudgel|p2a: Empoleon\n|-damage|p2a: Empoleon|0 fnt\n|faint|p2a: Empoleon\n|\n|upkeep\n|\n|t:|1766443975\n|switch|p2a: Greninja|Greninja-Mega-ZA, M, shiny|44/100 psn\n|-damage|p2a: Greninja|31/100 psn|[from] Spikes\n|turn|31\n|\n|t:|1766443998\n|move|p2a: Greninja|Water Shuriken|p1a: Ogerpon\n|-resisted|p1a: Ogerpon\n|-damage|p1a: Ogerpon|5/100\n|-resisted|p1a: Ogerpon\n|-damage|p1a: Ogerpon|0 fnt\n|faint|p1a: Ogerpon\n|-hitcount|p1: Ogerpon|2\n|\n|win|Rogue657\n|c|☆BloomingDino|gg\n|c|☆Rogue657|Gg\n|l|☆BloomingDino\n|player|p1|\n","players":["BloomingDino","Rogue657"],"format":"[Gen 9] NatDex Draft","rating":null,"private":0,"password":null,"inputlog":">version 0d0a8c252a1f8ab806681f673fdafaf34a87df55\n>start {\"formatid\":\"gen9natdexdraft\",\"seed\":\"sodium,8c85cbed68e545310a91a07e6ac5363c\"}\n>player p1 {\"name\":\"BloomingDino\",\"avatar\":\"266\",\"team\":\"Gliscor||PasshoBerry|PoisonHeal|EarthPower,StoneEdge,Spikes,KnockOff|Naive|,252,,4,,252|F||S||,,,,,Ground]Vanilluxe||OccaBerry|SnowWarning|Blizzard,IceShard,MirrorCoat,FlashCannon|Quiet|252,4,,252,,|F||S||,,,,,Ice]Ogerpon||ChoiceScarf|Defiant|IvyCudgel,StompingTantrum,LashOut,Spikes|Jolly|,252,,,4,252|F||||,Poison,,,,Grass]Palafin||ChoiceBand|ZerotoHero|CloseCombat,JetPunch,ThroatChop,IceBeam|Naive|,252,,4,,252|F||S||,,,,,Water]Pecharunt||ColburBerry|PoisonPuppeteer|MalignantChain,Recover,NastyPlot,Protect|Modest|252,,,252,4,|N|,0,,,,|||,,,,,Poison]Glimmora||FocusSash|ToxicDebris|EarthPower,EnergyBall,SludgeWave,DazzlingGleam|Timid|,,,252,4,252|F|,0,,,,|S||,,,,,Rock\",\"rating\":0}\n>player p2 {\"name\":\"Rogue657\",\"avatar\":\"170\",\"team\":\"Leavanny||ChoiceScarf|Swarm|LeafBlade,XScissor,TripleAxel,LowKick|Adamant|,252,,,,124|F||S||,,,,,Bug]Empoleon||AirBalloon|Torrent|IceBeam,Roost,HydroPump,VacuumWave|Modest|252,,4,252,,|F|,0,,,,|||,,,,,Water]Tornadus|TornadusTherian|HeavyDutyBoots|Regenerator|Defog,NastyPlot,BleakwindStorm,HeatWave|Calm|252,,,48,208,|M|,0,,,,|||,,,,,Flying]Drapion||ChoiceBand|Sniper|PoisonJab,KnockOff,IceFang,Earthquake|Jolly|4,252,,,,252|M||S||,,,,,Poison]Skeledirge||Leftovers|Unaware|TorchSong,ShadowBall,SlackOff,WillOWisp|Calm|252,,,4,252,|F|,0,,,,|||,,,,,Fire]Greninja||GreninjiteZA|Torrent|IceBeam,DarkPulse,WaterShuriken,Uturn|Modest|128,,128,252,,|M||S||,,,,,Water\",\"rating\":0}\n>chat ☆BloomingDino|glhf\n>chat ☆Rogue657|You too\n>p1 team 2, 1, 3, 4, 5, 6\n>p2 team 2, 1, 3, 4, 5, 6\n>p1 move iceshard\n>p2 switch 5\n>p1 switch 4\n>p2 move willowisp\n>chat ☆Rogue657|Big burn honestly \n>chat ☆Rogue657|Palafin is a menace \n>p1 move throatchop\n>p2 move torchsong\n>p1 switch 2\n>p2 switch 4\n>p1 move spikes\n>p2 move icefang\n>p1 switch 6\n>p1 move earthpower\n>p2 switch 5\n>p1 move energyball\n>p2 move hydropump\n>p1 switch 2\n>p2 move hydropump\n>chat ☆Rogue657|2 hydro misses\n>chat ☆Rogue657|Pain\n>p1 move throatchop\n>p2 switch 5\n>chat ☆BloomingDino|bro why the heck \n>chat ☆BloomingDino|did the server \n>chat ☆BloomingDino|close down \n>chat ☆BloomingDino|unless it was only for me\n>chat ☆Rogue657|I think only for you \n>chat ☆BloomingDino|my calc is gone now \n>chat ☆BloomingDino|let me try to resey \n>chat ☆BloomingDino|reset\n>p1 switch 4\n>p2 move knockoff\n>p1 move blizzard\n>p2 switch 4\n>p1 switch 2\n>p2 move slackoff\n>p1 move earthpower\n>p2 switch 2\n>p1 move sludgewave\n>p2 move leafblade\n>p2 switch 6\n>p1 move energyball\n>p2 move uturn mega\n>p2 switch 4\n>chat ☆BloomingDino|it said your sked has earth power why didn’t you just use that on me \n>p1 move earthpower\n>p2 move earthquake\n>p1 switch 2\n>chat ☆Rogue657|???\n>chat ☆Rogue657|I never used earth power so dunno why it shows that\n>p1 move iceshard\n>p2 switch 2\n>p1 switch 4\n>p2 move torchsong\n>p1 move jetpunch\n>p2 move slackoff\n>chat ☆Rogue657|Crit is a rip\n>chat ☆Rogue657|That crit kinda ruined my position \n>p2 switch 4\n>p1 switch 4\n>p2 move darkpulse\n>p1 move iceshard\n>p2 move darkpulse\n>p1 switch 3\n>p1 move stompingtantrum\n>p2 switch 3\n>p1 switch 4\n>p2 move nastyplot\n>p1 move icebeam\n>p2 move bleakwindstorm\n>p1 switch 5\n>p1 move protect\n>p2 move bleakwindstorm\n>p1 move malignantchain\n>p2 move bleakwindstorm\n>p1 move malignantchain\n>p2 switch 5\n>p1 move recover\n>p2 move icebeam\n>p1 switch 4\n>p1 move ivycudgel\n>p2 move icebeam\n>p1 move ivycudgel\n>p2 move vacuumwave\n>p2 switch 3\n>p1 move ivycudgel\n>p2 move watershuriken","uploadtime":1766444050}