{"id":"gen9natdexdraft-109","log":"|j|☆SparksTheNeo\n|j|☆liviifailure\n|t:|1761082813\n|gametype|singles\n|player|p1|SparksTheNeo|101|\n|player|p2|liviifailure|iris-gen5bw2|\n|gen|9\n|tier|[Gen 9] NatDex Draft\n|rule|Tera Type Preview: Tera Types are shown at Team Preview\n|rule|Sleep Clause Mod: Limit one foe put to sleep\n|rule|OHKO Clause: OHKO moves are banned\n|rule|Evasion Clause: Evasion abilities, items, and moves are banned\n|rule|Evasion Abilities Clause: Evasion abilities are banned\n|rule|Evasion Items Clause: Evasion items are banned\n|rule|Evasion Moves Clause: Evasion moves are banned\n|rule|Endless Battle Clause: Forcing endless battles is banned\n|rule|HP Percentage Mod: HP is shown in percentages\n|raw|<div class=\"infobox\"><details class=\"readmore\" open><summary><strong>1 custom rule:</strong></summary> Tera Type Preview</details></div>\n|clearpoke\n|poke|p1|Iron Thorns-Prime|\n|poke|p1|Ogerpon-Wellspring, F|\n|poke|p1|Mr. Rime-Prime, M|\n|poke|p1|Skarmory, F|\n|poke|p1|Ditto|\n|poke|p1|Throh, M|\n|poke|p2|Abomasnow, F|\n|poke|p2|Terapagos, M|\n|poke|p2|Dragalge-Prime, M|\n|poke|p2|Hattrem, F|\n|poke|p2|Rotom-Wash|\n|poke|p2|Iron Bundle|\n|raw|SparksTheNeo's Tera Types:<br /><psicon pokemon=\"ironthornsprime\" /><psicon type=\"Rock\" /> / <psicon pokemon=\"ogerponwellspring\" /><psicon type=\"Water\" /> / <psicon pokemon=\"mrrimeprime\" /><psicon type=\"Ice\" /> / <psicon pokemon=\"skarmory\" /><psicon type=\"Grass\" /> / <psicon pokemon=\"ditto\" /><psicon type=\"Steel\" /> / <psicon pokemon=\"throh\" /><psicon type=\"Fighting\" />\n|raw|liviifailure's Tera Types:<br /><psicon pokemon=\"abomasnow\" /><psicon type=\"Stellar\" /> / <psicon pokemon=\"terapagos\" /><psicon type=\"Stellar\" /> / <psicon pokemon=\"dragalgeprime\" /><psicon type=\"Stellar\" /> / <psicon pokemon=\"hattrem\" /><psicon type=\"Dark\" /> / <psicon pokemon=\"rotomwash\" /><psicon type=\"Stellar\" /> / <psicon pokemon=\"ironbundle\" /><psicon type=\"Stellar\" />\n|teampreview\n|c|☆SparksTheNeo|glhf\n|c|☆liviifailure|glhf\n|c|☆SparksTheNeo|ive gone with another fuck it we ball team\n|\n|t:|1761082846\n|teamsize|p1|6\n|teamsize|p2|6\n|start\n|switch|p1a: Mr. Rime-Prime|Mr. Rime-Prime, M|100/100\n|switch|p2a: Rotom|Rotom-Wash|100/100\n|turn|1\n|\n|t:|1761082869\n|move|p2a: Rotom|Trick|p1a: Mr. Rime-Prime\n|-activate|p2a: Rotom|move: Trick|[of] p1a: Mr. Rime-Prime\n|-item|p1a: Mr. Rime-Prime|Choice Scarf|[from] move: Trick\n|-item|p2a: Rotom|Heavy-Duty Boots|[from] move: Trick\n|move|p1a: Mr. Rime-Prime|Lumina Crash|p2a: Rotom\n|-damage|p2a: Rotom|44/100\n|-unboost|p2a: Rotom|spd|2\n|\n|upkeep\n|turn|2\n|\n|t:|1761082884\n|switch|p2a: Hattrem|Hattrem, F, shiny|100/100\n|move|p1a: Mr. Rime-Prime|Lumina Crash|p2a: Hattrem\n|-resisted|p2a: Hattrem\n|-damage|p2a: Hattrem|82/100\n|-unboost|p2a: Hattrem|spd|2\n|\n|upkeep\n|turn|3\n|\n|t:|1761082892\n|move|p1a: Mr. Rime-Prime|Lumina Crash|p2a: Hattrem\n|-resisted|p2a: Hattrem\n|-damage|p2a: Hattrem|45/100\n|-unboost|p2a: Hattrem|spd|2\n|move|p2a: Hattrem|Trick Room|p2a: Hattrem\n|-fieldstart|move: Trick Room|[of] p2a: Hattrem\n|\n|upkeep\n|turn|4\n|\n|t:|1761082901\n|-terastallize|p2a: Hattrem|Dark\n|move|p2a: Hattrem|Dark Pulse|p1a: Mr. Rime-Prime\n|-supereffective|p1a: Mr. Rime-Prime\n|-damage|p1a: Mr. Rime-Prime|72/100\n|move|p1a: Mr. Rime-Prime|Lumina Crash|p2a: Hattrem\n|-immune|p2a: Hattrem\n|\n|upkeep\n|turn|5\n|\n|t:|1761082923\n|switch|p2a: Abomasnow|Abomasnow, F|100/100\n|-weather|Snowscape|[from] ability: Snow Warning|[of] p2a: Abomasnow\n|switch|p1a: Throh|Throh, M|100/100\n|-ability|p1a: Throh|Mold Breaker\n|\n|-weather|Snowscape|[upkeep]\n|upkeep\n|turn|6\n|\n|t:|1761082944\n|switch|p2a: Dragalge-Prime|Dragalge-Prime, M|100/100\n|move|p1a: Throh|Circle Throw|p2a: Dragalge-Prime\n|-resisted|p2a: Dragalge-Prime\n|-damage|p2a: Dragalge-Prime|91/100\n|drag|p2a: Hattrem|Hattrem, F, shiny, tera:Dark|45/100\n|\n|-weather|Snowscape|[upkeep]\n|upkeep\n|turn|7\n|\n|t:|1761082952\n|move|p2a: Hattrem|Draining Kiss|p1a: Throh\n|-supereffective|p1a: Throh\n|-damage|p1a: Throh|84/100\n|-heal|p2a: Hattrem|63/100|[from] drain|[of] p1a: Throh\n|move|p1a: Throh|Circle Throw|p2a: Hattrem\n|-supereffective|p2a: Hattrem\n|-damage|p2a: Hattrem|34/100\n|drag|p2a: Iron Bundle|Iron Bundle|100/100\n|\n|-weather|Snowscape|[upkeep]\n|-heal|p1a: Throh|90/100|[from] item: Leftovers\n|-fieldend|move: Trick Room\n|upkeep\n|turn|8\n|\n|t:|1761082973\n|move|p2a: Iron Bundle|Flip Turn|p1a: Throh\n|-crit|p1a: Throh\n|-damage|p1a: Throh|74/100\n|\n|t:|1761082980\n|-end|p2a: Iron Bundle|Quark Drive|[silent]\n|switch|p2a: Rotom|Rotom-Wash|44/100|[from] Flip Turn\n|move|p1a: Throh|Circle Throw|p2a: Rotom\n|-damage|p2a: Rotom|17/100\n|drag|p2a: Abomasnow|Abomasnow, F|100/100\n|\n|-weather|Snowscape|[upkeep]\n|-heal|p1a: Throh|80/100|[from] item: Leftovers\n|upkeep\n|turn|9\n|\n|t:|1761082989\n|detailschange|p2a: Abomasnow|Abomasnow-Mega, F\n|-mega|p2a: Abomasnow|Abomasnow|Abomasite\n|move|p2a: Abomasnow|Aurora Veil|p2a: Abomasnow\n|-sidestart|p2: liviifailure|move: Aurora Veil\n|move|p1a: Throh|Circle Throw|p2a: Abomasnow\n|-supereffective|p2a: Abomasnow\n|-damage|p2a: Abomasnow|89/100\n|drag|p2a: Hattrem|Hattrem, F, shiny, tera:Dark|34/100\n|\n|-weather|none\n|-heal|p1a: Throh|86/100|[from] item: Leftovers\n|upkeep\n|turn|10\n|\n|t:|1761083004\n|switch|p1a: Skarmory|Skarmory, F|100/100\n|move|p2a: Hattrem|Trick Room|p2a: Hattrem\n|-fieldstart|move: Trick Room|[of] p2a: Hattrem\n|\n|upkeep\n|turn|11\n|\n|t:|1761083009\n|move|p2a: Hattrem|Healing Wish|p2a: Hattrem\n|faint|p2a: Hattrem\n|move|p1a: Skarmory|Stealth Rock|p2: Hattrem\n|-sidestart|p2: liviifailure|move: Stealth Rock\n|\n|upkeep\n|\n|t:|1761083014\n|switch|p2a: Rotom|Rotom-Wash|17/100\n|-heal|p2a: Rotom|100/100|[from] move: Healing Wish\n|turn|12\n|\n|t:|1761083056\n|switch|p1a: Throh|Throh, M|86/100\n|-ability|p1a: Throh|Mold Breaker\n|move|p2a: Rotom|Volt Switch|p1a: Throh\n|-damage|p1a: Throh|62/100\n|\n|t:|1761083063\n|switch|p2a: Abomasnow|Abomasnow-Mega, F|89/100|[from] Volt Switch\n|-damage|p2a: Abomasnow|64/100|[from] Stealth Rock\n|-weather|Snowscape|[from] ability: Snow Warning|[of] p2a: Abomasnow\n|\n|-weather|Snowscape|[upkeep]\n|-heal|p1a: Throh|68/100|[from] item: Leftovers\n|upkeep\n|turn|13\n|\n|t:|1761083070\n|move|p2a: Abomasnow|Blizzard|p1a: Throh\n|-damage|p1a: Throh|15/100\n|move|p1a: Throh|Circle Throw|p2a: Abomasnow\n|-supereffective|p2a: Abomasnow\n|-damage|p2a: Abomasnow|51/100\n|drag|p2a: Terapagos|Terapagos, M|100/100\n|-activate|p2a: Terapagos|ability: Tera Shift\n|detailschange|p2a: Terapagos|Terapagos-Terastal, M\n|-heal|p2a: Terapagos|100/100|[silent]\n|\n|-weather|Snowscape|[upkeep]\n|-heal|p1a: Throh|21/100|[from] item: Leftovers\n|-sideend|p2: liviifailure|move: Aurora Veil\n|upkeep\n|turn|14\n|\n|t:|1761083084\n|move|p1a: Throh|Knock Off|p2a: Terapagos\n|-crit|p2a: Terapagos\n|-damage|p2a: Terapagos|70/100\n|-enditem|p2a: Terapagos|Heavy-Duty Boots|[from] move: Knock Off|[of] p1a: Throh\n|move|p2a: Terapagos|Tera Starstorm|p1a: Throh\n|-damage|p1a: Throh|0 fnt\n|faint|p1a: Throh\n|\n|-weather|Snowscape|[upkeep]\n|-fieldend|move: Trick Room\n|upkeep\n|\n|t:|1761083120\n|switch|p1a: Ogerpon|Ogerpon-Wellspring, F|100/100\n|turn|15\n|\n|t:|1761083127\n|switch|p2a: Dragalge-Prime|Dragalge-Prime, M|91/100\n|-damage|p2a: Dragalge-Prime|79/100|[from] Stealth Rock\n|move|p1a: Ogerpon|U-turn|p2a: Dragalge-Prime\n|-resisted|p2a: Dragalge-Prime\n|-damage|p2a: Dragalge-Prime|68/100\n|\n|t:|1761083146\n|switch|p1a: Mr. Rime-Prime|Mr. Rime-Prime, M|72/100|[from] U-turn\n|\n|-weather|Snowscape|[upkeep]\n|upkeep\n|turn|16\n|\n|t:|1761083153\n|move|p1a: Mr. Rime-Prime|Lumina Crash|p2a: Dragalge-Prime\n|-supereffective|p2a: Dragalge-Prime\n|-damage|p2a: Dragalge-Prime|12/100\n|-unboost|p2a: Dragalge-Prime|spd|2\n|move|p2a: Dragalge-Prime|Trick Room|p2a: Dragalge-Prime\n|-fieldstart|move: Trick Room|[of] p2a: Dragalge-Prime\n|\n|-weather|none\n|upkeep\n|turn|17\n|\n|t:|1761083165\n|move|p2a: Dragalge-Prime|Core Enforcer|p1a: Mr. Rime-Prime\n|-damage|p1a: Mr. Rime-Prime|29/100\n|move|p1a: Mr. Rime-Prime|Lumina Crash|p2a: Dragalge-Prime\n|-supereffective|p2a: Dragalge-Prime\n|-damage|p2a: Dragalge-Prime|0 fnt\n|faint|p2a: Dragalge-Prime\n|\n|upkeep\n|\n|t:|1761083174\n|switch|p2a: Abomasnow|Abomasnow-Mega, F|51/100\n|-damage|p2a: Abomasnow|27/100|[from] Stealth Rock\n|-weather|Snowscape|[from] ability: Snow Warning|[of] p2a: Abomasnow\n|turn|18\n|\n|t:|1761083192\n|switch|p1a: Ditto|Ditto|100/100\n|-transform|p1a: Ditto|p2a: Abomasnow|[from] ability: Imposter\n|move|p2a: Abomasnow|Blizzard|p1a: Ditto\n|-damage|p1a: Ditto|54/100\n|\n|-weather|Snowscape|[upkeep]\n|upkeep\n|turn|19\n|\n|t:|1761083208\n|move|p1a: Ditto|Blizzard|p2a: Abomasnow\n|-damage|p2a: Abomasnow|0 fnt\n|faint|p2a: Abomasnow\n|detailschange|p2: Abomasnow|Abomasnow, F|[silent]\n|\n|-weather|Snowscape|[upkeep]\n|upkeep\n|\n|t:|1761083226\n|switch|p2a: Terapagos|Terapagos-Terastal, M|70/100\n|-damage|p2a: Terapagos|57/100|[from] Stealth Rock\n|turn|20\n|\n|t:|1761083236\n|-terastallize|p1a: Ditto|Steel\n|move|p1a: Ditto|Blizzard|p2a: Terapagos\n|-damage|p2a: Terapagos|0 fnt\n|faint|p2a: Terapagos\n|\n|-weather|Snowscape|[upkeep]\n|-fieldend|move: Trick Room\n|upkeep\n|\n|t:|1761083245\n|switch|p2a: Iron Bundle|Iron Bundle|100/100\n|-damage|p2a: Iron Bundle|76/100|[from] Stealth Rock\n|turn|21\n|\n|t:|1761083248\n|move|p2a: Iron Bundle|Hydro Pump|p1a: Ditto\n|-damage|p1a: Ditto|11/100\n|move|p1a: Ditto|Energy Ball|p2a: Iron Bundle\n|-supereffective|p2a: Iron Bundle\n|-damage|p2a: Iron Bundle|0 fnt\n|faint|p2a: Iron Bundle\n|-end|p2a: Iron Bundle|Quark Drive|[silent]\n|\n|-weather|Snowscape|[upkeep]\n|upkeep\n|\n|t:|1761083255\n|switch|p2a: Rotom|Rotom-Wash|100/100\n|turn|22\n|\n|t:|1761083263\n|move|p2a: Rotom|Thunderbolt|p1a: Ditto\n|-damage|p1a: Ditto|0 fnt\n|faint|p1a: Ditto\n|\n|-weather|none\n|upkeep\n|\n|t:|1761083273\n|switch|p1a: Ogerpon|Ogerpon-Wellspring, F|100/100\n|turn|23\n|\n|t:|1761083280\n|move|p1a: Ogerpon|Horn Leech|p2a: Rotom\n|-supereffective|p2a: Rotom\n|-damage|p2a: Rotom|0 fnt\n|faint|p2a: Rotom\n|\n|win|SparksTheNeo\n|c|☆SparksTheNeo|gg\n|c|☆liviifailure|gg\n","players":["SparksTheNeo","liviifailure"],"format":"[Gen 9] NatDex Draft","rating":null,"private":0,"password":null,"inputlog":">version f5040886e674df30a81d8aa6703a640b23e7a073\n>start {\"formatid\":\"gen9natdexdraft@@@Tera Type Preview\",\"seed\":\"sodium,7b51a899ccd8cc6fe43e698ffb8d48b0\"}\n>player p1 {\"name\":\"SparksTheNeo\",\"avatar\":\"101\",\"team\":\"Iron Thorns-Prime||WeaknessPolicy|SandStream|ShiftGear,DiamondStorm,PlasmaFists,Earthquake|Adamant|136,252,,,,120|N||||,,,,,Rock]Ogerpon|OgerponWellspring|WellspringMask|WaterAbsorb|Spikes,HornLeech,IvyCudgel,Uturn|Jolly|,252,,,4,252|F||||,Poison,,,,Water]Mr. Rime-Prime||HeavyDutyBoots|Prankster|RapidSpin,LuminaCrash,FreezeDry,SlackOff|Modest|248,,,80,180,|M||||,,,,,Ice]Skarmory||RockyHelmet|Sturdy|Roost,StealthRock,IronHead,Whirlwind|Bold|252,,232,,,24|F||||,,,,,Grass]Ditto||AssaultVest|Imposter|Transform||252,,,,,|N|,30,,,,|||,,,,,Steel]Throh||Leftovers|MoldBreaker|Rest,CircleThrow,KnockOff,Earthquake|Sassy|252,,208,,48,|M|,,,,,0|||,,,,,Fighting\",\"rating\":0}\n>player p2 {\"name\":\"liviifailure\",\"avatar\":\"iris-gen5bw2\",\"team\":\"Abomasnow||Abomasite|SnowWarning|Blizzard,EarthPower,EnergyBall,AuroraVeil|Quiet|248,,,252,8,|F|,0,,,,0|||,,,,,Stellar]Terapagos||HeavyDutyBoots|TeraShift|RapidSpin,TeraStarstorm,EarthPower,Flamethrower|Modest|24,,,252,,232|M||||,Dark,,,,Stellar]Dragalge-Prime||AbsorbBulb|Adaptability|TrickRoom,FlipTurn,SludgeBomb,CoreEnforcer|Quiet|252,,,252,4,|M|,,,,,0|||,,,,,Stellar]Hattrem||Eviolite|MagicBounce|TrickRoom,DrainingKiss,DarkPulse,HealingWish|Bold|248,,252,8,,|F|,0,,,,|S||,,,,,Dark]Rotom|RotomWash|ChoiceScarf|Levitate|VoltSwitch,Thunderbolt,HiddenPowerGround,Trick|Modest|32,,,252,,224|N|,0,,,,|||,Ground,,,,Stellar]Iron Bundle||FocusSash|QuarkDrive|HydroPump,Blizzard,FreezeDry,FlipTurn|Timid|48,,,252,,208|N||||,,,,,Stellar\",\"rating\":0}\n>chat ☆SparksTheNeo|glhf\n>chat ☆liviifailure|glhf\n>chat ☆SparksTheNeo|ive gone with another fuck it we ball team\n>p1 team 3, 2, 1, 4, 5, 6\n>p2 team 5, 2, 3, 4, 1, 6\n>p1 move luminacrash\n>p2 move trick\n>p1 move luminacrash\n>p2 switch 4\n>p1 move luminacrash\n>p2 move trickroom\n>p1 move luminacrash\n>p2 move darkpulse terastallize\n>p1 switch 6\n>p2 switch 5\n>p1 move circlethrow\n>p2 switch 3\n>p1 move circlethrow\n>p2 move drainingkiss\n>p1 move circlethrow\n>p2 move flipturn\n>p2 switch 4\n>p1 move circlethrow\n>p2 move auroraveil mega\n>p1 switch 4\n>p2 move trickroom\n>p1 move stealthrock\n>p2 move healingwish\n>p2 switch 3\n>p1 switch 4\n>p2 move voltswitch\n>p2 switch 6\n>p1 move circlethrow\n>p2 move blizzard\n>p1 move knockoff\n>p2 move terastarstorm\n>p1 switch 2\n>p1 move uturn\n>p2 switch 5\n>p1 switch 6\n>p1 move luminacrash\n>p2 move trickroom\n>p1 move luminacrash\n>p2 move coreenforcer\n>p2 switch 2\n>p1 switch 5\n>p2 move blizzard\n>p1 move blizzard\n>p2 move auroraveil\n>p2 switch 5\n>p1 move blizzard terastallize\n>p2 move rapidspin\n>p2 switch 4\n>p1 move energyball\n>p2 move hydropump\n>p2 switch 6\n>p1 move energyball\n>p2 move thunderbolt\n>p1 switch 6\n>p1 move hornleech\n>p2 move thunderbolt","uploadtime":1761083285}