{"id":"gen9natdexdraft-41","log":"|j|☆ElysianSoul222\n|j|☆Ark64\n|t:|1759345279\n|gametype|singles\n|player|p1|ElysianSoul222|skierf|\n|player|p2|Ark64|266|\n|gen|9\n|tier|[Gen 9] NatDex Draft\n|rule|Tera Type Preview: Tera Types are shown at Team Preview\n|rule|Sleep Clause Mod: Limit one foe put to sleep\n|rule|OHKO Clause: OHKO moves are banned\n|rule|Evasion Clause: Evasion abilities, items, and moves are banned\n|rule|Evasion Abilities Clause: Evasion abilities are banned\n|rule|Evasion Items Clause: Evasion items are banned\n|rule|Evasion Moves Clause: Evasion moves are banned\n|rule|Endless Battle Clause: Forcing endless battles is banned\n|rule|HP Percentage Mod: HP is shown in percentages\n|raw|<div class=\"infobox\"><details class=\"readmore\" open><summary><strong>1 custom rule:</strong></summary> Tera Type Preview</details></div>\n|clearpoke\n|poke|p1|Mandibuzz-Prime, F|\n|poke|p1|Iron Valiant|\n|poke|p1|Melmetal|\n|poke|p1|Blastoise, M|\n|poke|p1|Nidoqueen, F|\n|poke|p1|Miltank, F|\n|poke|p2|Garchomp-Prime, F|\n|poke|p2|Murkrow, F|\n|poke|p2|Rotom-Heat|\n|poke|p2|Meganium-Prime, F|\n|poke|p2|Dondozo, M|\n|poke|p2|Annihilape, M|\n|raw|ElysianSoul222's Tera Types:<br /><psicon pokemon=\"mandibuzzprime\" /><psicon type=\"Dark\" /> / <psicon pokemon=\"ironvaliant\" /><psicon type=\"Fairy\" /> / <psicon pokemon=\"melmetal\" /><psicon type=\"Grass\" /> / <psicon pokemon=\"blastoise\" /><psicon type=\"Water\" /> / <psicon pokemon=\"nidoqueen\" /><psicon type=\"Poison\" /> / <psicon pokemon=\"miltank\" /><psicon type=\"Normal\" />\n|raw|Ark64's Tera Types:<br /><psicon pokemon=\"garchompprime\" /><psicon type=\"Stellar\" /> / <psicon pokemon=\"murkrow\" /><psicon type=\"Stellar\" /> / <psicon pokemon=\"rotomheat\" /><psicon type=\"Stellar\" /> / <psicon pokemon=\"meganiumprime\" /><psicon type=\"Stellar\" /> / <psicon pokemon=\"dondozo\" /><psicon type=\"Stellar\" /> / <psicon pokemon=\"annihilape\" /><psicon type=\"Ghost\" />\n|teampreview\n|c|☆ElysianSoul222|hf\n|c|☆Ark64|u2\n|j|~SparksTheNeo\n|j| Swagboi21_W\n|j| liviifailure\n|c|~SparksTheNeo|oh this is garchomp prime vs mandibuzz prime?\n|\n|t:|1759345345\n|teamsize|p1|6\n|teamsize|p2|6\n|start\n|switch|p1a: Nidoqueen|Nidoqueen, F, shiny|100/100\n|switch|p2a: Meganium-Prime|Meganium-Prime, F|100/100\n|turn|1\n|c|~SparksTheNeo|and meganium prime i see\n|\n|t:|1759345363\n|switch|p2a: Rotom|Rotom-Heat|100/100\n|switch|p1a: Miltank|Miltank, F, shiny|100/100\n|\n|upkeep\n|turn|2\n|\n|t:|1759345375\n|move|p1a: Miltank|Toxic|p2a: Rotom\n|-status|p2a: Rotom|tox\n|move|p2a: Rotom|Will-O-Wisp|p1a: Miltank|[miss]\n|-miss|p2a: Rotom|p1a: Miltank\n|\n|-damage|p2a: Rotom|94/100 tox|[from] psn\n|upkeep\n|turn|3\n|c|~SparksTheNeo|rough\n|\n|t:|1759345385\n|switch|p1a: Nidoqueen|Nidoqueen, F, shiny|100/100\n|move|p2a: Rotom|Volt Switch|p1a: Nidoqueen\n|-immune|p1a: Nidoqueen\n|\n|-heal|p2a: Rotom|100/100 tox|[from] item: Leftovers\n|-damage|p2a: Rotom|88/100 tox|[from] psn\n|upkeep\n|turn|4\n|\n|t:|1759345398\n|switch|p2a: Dondozo|Dondozo, M|100/100\n|move|p1a: Nidoqueen|Stealth Rock|p2a: Dondozo\n|-sidestart|p2: Ark64|move: Stealth Rock\n|\n|upkeep\n|turn|5\n|\n|t:|1759345411\n|switch|p1a: Iron Valiant|Iron Valiant, shiny|100/100\n|move|p2a: Dondozo|Waterfall|p1a: Iron Valiant\n|-damage|p1a: Iron Valiant|68/100\n|\n|upkeep\n|turn|6\n|\n|t:|1759345432\n|move|p1a: Iron Valiant|Moonblast|p2a: Dondozo\n|-damage|p2a: Dondozo|25/100\n|-unboost|p2a: Dondozo|spa|1\n|move|p2a: Dondozo|Waterfall|p1a: Iron Valiant\n|-damage|p1a: Iron Valiant|36/100\n|\n|-heal|p2a: Dondozo|31/100|[from] item: Leftovers\n|upkeep\n|turn|7\n|\n|t:|1759345449\n|move|p1a: Iron Valiant|Moonblast|p2a: Dondozo\n|-damage|p2a: Dondozo|0 fnt\n|faint|p2a: Dondozo\n|\n|upkeep\n|\n|t:|1759345459\n|switch|p2a: Meganium-Prime|Meganium-Prime, F|100/100\n|-damage|p2a: Meganium-Prime|88/100|[from] Stealth Rock\n|turn|8\n|\n|t:|1759345464\n|-end|p1a: Iron Valiant|Quark Drive|[silent]\n|switch|p1a: Miltank|Miltank, F, shiny|100/100\n|move|p2a: Meganium-Prime|Sappy Seed|p1a: Miltank\n|-ability|p1a: Miltank|Sap Sipper|boost\n|-boost|p1a: Miltank|atk|1\n|\n|upkeep\n|turn|9\n|\n|t:|1759345475\n|switch|p2a: Rotom|Rotom-Heat|88/100 tox\n|-damage|p2a: Rotom|63/100 tox|[from] Stealth Rock\n|move|p1a: Miltank|Body Slam|p2a: Rotom\n|-damage|p2a: Rotom|27/100 tox\n|\n|-heal|p2a: Rotom|34/100 tox|[from] item: Leftovers\n|-damage|p2a: Rotom|27/100 tox|[from] psn\n|upkeep\n|turn|10\n|\n|t:|1759345483\n|move|p1a: Miltank|Body Slam|p2a: Rotom\n|-crit|p2a: Rotom\n|-damage|p2a: Rotom|0 fnt\n|faint|p2a: Rotom\n|\n|upkeep\n|\n|t:|1759345488\n|switch|p2a: Garchomp-Prime|Garchomp-Prime, F|100/100\n|-damage|p2a: Garchomp-Prime|94/100|[from] Stealth Rock\n|turn|11\n|\n|t:|1759345495\n|move|p2a: Garchomp-Prime|Dragon Dance|p2a: Garchomp-Prime\n|-boost|p2a: Garchomp-Prime|atk|1\n|-boost|p2a: Garchomp-Prime|spe|1\n|move|p1a: Miltank|Toxic|p2a: Garchomp-Prime|[miss]\n|-miss|p1a: Miltank|p2a: Garchomp-Prime\n|\n|upkeep\n|turn|12\n|c|~SparksTheNeo|uh oh\n|\n|t:|1759345503\n|switch|p1a: Mandibuzz-Prime|Mandibuzz-Prime, F, shiny|100/100\n|move|p2a: Garchomp-Prime|Dragon Dance|p2a: Garchomp-Prime\n|-boost|p2a: Garchomp-Prime|atk|1\n|-boost|p2a: Garchomp-Prime|spe|1\n|\n|upkeep\n|turn|13\n|\n|t:|1759345509\n|move|p2a: Garchomp-Prime|Dragon Claw|p1a: Mandibuzz-Prime\n|-damage|p1a: Mandibuzz-Prime|62/100\n|move|p1a: Mandibuzz-Prime|Iron Defense|p1a: Mandibuzz-Prime\n|-boost|p1a: Mandibuzz-Prime|def|2\n|\n|upkeep\n|turn|14\n|c|~SparksTheNeo|why did that do so little :sob\n|c|☆Ark64|idk...\n|j| The_Shawdoin\n|\n|t:|1759345531\n|switch|p2a: Murkrow|Murkrow, F|100/100\n|-damage|p2a: Murkrow|75/100|[from] Stealth Rock\n|move|p1a: Mandibuzz-Prime|Roost|p1a: Mandibuzz-Prime\n|-heal|p1a: Mandibuzz-Prime|100/100\n|-singleturn|p1a: Mandibuzz-Prime|move: Roost\n|\n|upkeep\n|turn|15\n|\n|t:|1759345540\n|switch|p1a: Blastoise|Blastoise, M, shiny|100/100\n|move|p2a: Murkrow|Haze|p2a: Murkrow\n|-clearallboost\n|\n|upkeep\n|turn|16\n|c| Swagboi21_W|no boots?\n|c|~SparksTheNeo|eviolite murkwo\n|c|☆Ark64|i may be another good item\n|\n|t:|1759345560\n|detailschange|p1a: Blastoise|Blastoise-Mega, M, shiny\n|-mega|p1a: Blastoise|Blastoise|Blastoisinite\n|move|p2a: Murkrow|Taunt|p1a: Blastoise\n|-start|p1a: Blastoise|move: Taunt\n|move|p1a: Blastoise|Ice Beam|p2a: Murkrow\n|-supereffective|p2a: Murkrow\n|-damage|p2a: Murkrow|0 fnt\n|faint|p2a: Murkrow\n|\n|upkeep\n|\n|t:|1759345570\n|switch|p2a: Meganium-Prime|Meganium-Prime, F|88/100\n|-damage|p2a: Meganium-Prime|76/100|[from] Stealth Rock\n|turn|17\n|\n|t:|1759345575\n|switch|p1a: Miltank|Miltank, F, shiny|100/100\n|move|p2a: Meganium-Prime|Stone Axe|p1a: Miltank\n|-damage|p1a: Miltank|91/100\n|-sidestart|p1: ElysianSoul222|move: Stealth Rock\n|\n|upkeep\n|turn|18\n|\n|t:|1759345589\n|switch|p2a: Garchomp-Prime|Garchomp-Prime, F|94/100\n|-damage|p2a: Garchomp-Prime|88/100|[from] Stealth Rock\n|move|p1a: Miltank|Toxic|p2a: Garchomp-Prime\n|-status|p2a: Garchomp-Prime|tox\n|\n|-damage|p2a: Garchomp-Prime|82/100 tox|[from] psn\n|upkeep\n|turn|19\n|c| Swagboi21_W|omg it has ring target\n|\n|t:|1759345598\n|switch|p1a: Mandibuzz-Prime|Mandibuzz-Prime, F, shiny|100/100\n|move|p2a: Garchomp-Prime|Dragon Dance|p2a: Garchomp-Prime\n|-boost|p2a: Garchomp-Prime|atk|1\n|-boost|p2a: Garchomp-Prime|spe|1\n|\n|-damage|p2a: Garchomp-Prime|70/100 tox|[from] psn\n|upkeep\n|turn|20\n|\n|t:|1759345603\n|switch|p2a: Annihilape|Annihilape, M|100/100\n|-damage|p2a: Annihilape|94/100|[from] Stealth Rock\n|move|p1a: Mandibuzz-Prime|Iron Defense|p1a: Mandibuzz-Prime\n|-boost|p1a: Mandibuzz-Prime|def|2\n|\n|upkeep\n|turn|21\n|\n|t:|1759345606\n|move|p2a: Annihilape|Final Gambit|p1a: Mandibuzz-Prime\n|-damage|p1a: Mandibuzz-Prime|27/100\n|faint|p2a: Annihilape\n|move|p1a: Mandibuzz-Prime|Toxic|p2: Annihilape|[notarget]\n|-fail|p1a: Mandibuzz-Prime\n|\n|upkeep\n|c|☆Ark64|i had to see if that oko'd\n|\n|t:|1759345626\n|switch|p2a: Garchomp-Prime|Garchomp-Prime, F|70/100 tox\n|-damage|p2a: Garchomp-Prime|64/100 tox|[from] Stealth Rock\n|turn|22\n|c|~SparksTheNeo|big crit\n|\n|t:|1759345650\n|move|p2a: Garchomp-Prime|Dragon Claw|p1a: Mandibuzz-Prime\n|-damage|p1a: Mandibuzz-Prime|16/100\n|move|p1a: Mandibuzz-Prime|Roost|p1a: Mandibuzz-Prime\n|-heal|p1a: Mandibuzz-Prime|67/100\n|-singleturn|p1a: Mandibuzz-Prime|move: Roost\n|\n|-damage|p2a: Garchomp-Prime|58/100 tox|[from] psn\n|upkeep\n|turn|23\n|c|~SparksTheNeo|sadge\n|c|☆Ark64|meganium carries trust\n|\n|t:|1759345674\n|move|p2a: Garchomp-Prime|Bitter Blade|p1a: Mandibuzz-Prime\n|-damage|p1a: Mandibuzz-Prime|59/100\n|-heal|p2a: Garchomp-Prime|62/100 tox|[from] drain|[of] p1a: Mandibuzz-Prime\n|move|p1a: Mandibuzz-Prime|Body Press|p2a: Garchomp-Prime\n|-damage|p2a: Garchomp-Prime|22/100 tox\n|\n|-damage|p2a: Garchomp-Prime|10/100 tox|[from] psn\n|upkeep\n|turn|24\n|c|~SparksTheNeo|one toxic and it's gone\n|c|☆Ark64|i was joking lol\n|\n|t:|1759345694\n|move|p2a: Garchomp-Prime|Dragon Claw|p1a: Mandibuzz-Prime\n|-damage|p1a: Mandibuzz-Prime|48/100\n|move|p1a: Mandibuzz-Prime|Roost|p1a: Mandibuzz-Prime\n|-heal|p1a: Mandibuzz-Prime|98/100\n|-singleturn|p1a: Mandibuzz-Prime|move: Roost\n|\n|-damage|p2a: Garchomp-Prime|0 fnt|[from] psn\n|faint|p2a: Garchomp-Prime\n|upkeep\n|\n|t:|1759345696\n|switch|p2a: Meganium-Prime|Meganium-Prime, F|76/100\n|-damage|p2a: Meganium-Prime|63/100|[from] Stealth Rock\n|turn|25\n|\n|t:|1759345701\n|move|p1a: Mandibuzz-Prime|Toxic|p2a: Meganium-Prime\n|-status|p2a: Meganium-Prime|tox\n|move|p2a: Meganium-Prime|Sappy Seed|p1a: Mandibuzz-Prime\n|-resisted|p1a: Mandibuzz-Prime\n|-crit|p1a: Mandibuzz-Prime\n|-damage|p1a: Mandibuzz-Prime|86/100\n|-start|p1a: Mandibuzz-Prime|move: Leech Seed\n|\n|-damage|p1a: Mandibuzz-Prime|73/100|[from] Leech Seed|[of] p2a: Meganium-Prime\n|-heal|p2a: Meganium-Prime|77/100 tox|[silent]\n|-damage|p2a: Meganium-Prime|71/100 tox|[from] psn\n|upkeep\n|turn|26\n|\n|t:|1759345706\n|move|p1a: Mandibuzz-Prime|Body Press|p2a: Meganium-Prime\n|-damage|p2a: Meganium-Prime|35/100 tox\n|move|p2a: Meganium-Prime|Dragon Tail|p1a: Mandibuzz-Prime\n|-damage|p1a: Mandibuzz-Prime|70/100\n|drag|p1a: Nidoqueen|Nidoqueen, F, shiny|100/100\n|-damage|p1a: Nidoqueen|94/100|[from] Stealth Rock\n|\n|-damage|p2a: Meganium-Prime|23/100 tox|[from] psn\n|upkeep\n|turn|27\n|\n|t:|1759345713\n|move|p2a: Meganium-Prime|Sappy Seed|p1a: Nidoqueen\n|-damage|p1a: Nidoqueen|61/100\n|-start|p1a: Nidoqueen|move: Leech Seed\n|move|p1a: Nidoqueen|Ice Beam|p2a: Meganium-Prime\n|-supereffective|p2a: Meganium-Prime\n|-damage|p2a: Meganium-Prime|12/100 tox\n|\n|-damage|p1a: Nidoqueen|48/100|[from] Leech Seed|[of] p2a: Meganium-Prime\n|-heal|p2a: Meganium-Prime|24/100 tox|[silent]\n|-damage|p2a: Meganium-Prime|5/100 tox|[from] psn\n|upkeep\n|turn|28\n|\n|t:|1759345720\n|switch|p1a: Miltank|Miltank, F, shiny|91/100\n|-damage|p1a: Miltank|79/100|[from] Stealth Rock\n|move|p2a: Meganium-Prime|Sappy Seed|p1a: Miltank\n|-ability|p1a: Miltank|Sap Sipper|boost\n|-boost|p1a: Miltank|atk|1\n|\n|-damage|p2a: Meganium-Prime|0 fnt|[from] psn\n|faint|p2a: Meganium-Prime\n|\n|win|ElysianSoul222\n|c|☆Ark64|gg\n|c|☆ElysianSoul222|gg\n|c|☆ElysianSoul222|smh\n|c|☆ElysianSoul222|thie meganium\n|c|☆ElysianSoul222|crazy bulk\n|c|☆Ark64|i prob should have prep'd way befor battling lol\n|l| liviifailure\n|c|~SparksTheNeo|that mandibuzz bulk is nasty\n","players":["ElysianSoul222","Ark64"],"format":"[Gen 9] NatDex Draft","rating":null,"private":0,"password":null,"inputlog":">version db81bfd847a66319e0c3117831e2a72a6d4f7423\n>start {\"formatid\":\"gen9natdexdraft@@@Tera Type Preview\",\"seed\":\"sodium,4844036a3c663ca163f1d4358f60931f\"}\n>player p1 {\"name\":\"ElysianSoul222\",\"avatar\":\"skierf\",\"team\":\"Mandibuzz-Prime||HeavyDutyBoots|BigPecks|IronDefense,Toxic,BodyPress,Roost|Impish|248,,252,,,8|F|,0,,,,|S||,,,,,Dark]Iron Valiant||ChoiceSpecs|QuarkDrive|Moonblast,AuraSphere,Psychic,VacuumWave|Modest|100,,,252,,156|N|,0,,,,|S||,,,,,Fairy]Melmetal||PunchingGlove|IronFist|DoubleIronBash,IcePunch,ThunderPunch,Toxic|Adamant|120,248,116,,,24|N||S||,,,,,Grass]Blastoise||Blastoisinite|Torrent|Scald,IceBeam,DarkPulse,RapidSpin|Modest|48,,,252,,208|M||S||,,,,,Water]Nidoqueen||ShucaBerry|SheerForce|StealthRock,EarthPower,IceBeam,Surf|Modest|252,,52,108,,96|F|,0,,,,|S||,,,,,Poison]Miltank||ShedShell|SapSipper|Toxic,BodySlam,HealBell,MilkDrink|Impish|248,,252,,,8|F||S||,,,,,Normal\",\"rating\":0}\n>player p2 {\"name\":\"Ark64\",\"avatar\":\"266\",\"team\":\"Garchomp-Prime||YacheBerry|ArenaTrap|DragonDance,Earthquake,BitterBlade,DragonClaw|Jolly|48,252,,,,208|F||||,,,,,Stellar]Murkrow||Eviolite|Prankster|Haze,ThunderWave,Taunt,SuckerPunch|Careful|252,,184,,72,|F||||,,,,,Stellar]Rotom|RotomHeat|Leftovers|Levitate|WillOWisp,PainSplit,VoltSwitch,Overheat|Calm|252,,136,,120,|N|,0,,,,|||,,,,,Stellar]Meganium-Prime||AssaultVest|ThickFat|SappySeed,StoneAxe,KnockOff,DragonTail|Careful|252,,140,,116,|F||||,,,,,Stellar]Dondozo||Leftovers|Unaware|Rest,SleepTalk,BodyPress,Waterfall|Impish|252,4,252,,,|M||||,,,,,Stellar]Annihilape||ChoiceScarf|Defiant|RageFist,DrainPunch,Uturn,FinalGambit|Jolly|8,244,,,4,252|M||||,,,,,Ghost\",\"rating\":0}\n>chat ☆ElysianSoul222|hf\n>chat ☆Ark64|u2\n>chat ~SparksTheNeo|oh this is garchomp prime vs mandibuzz prime?\n>p1 team 5, 2, 3, 4, 1, 6\n>p2 team 4, 2, 3, 1, 5, 6\n>chat ~SparksTheNeo|and meganium prime i see\n>p1 switch 6\n>p2 switch 3\n>p1 move toxic\n>p2 move willowisp\n>chat ~SparksTheNeo|rough\n>p1 switch 6\n>p2 move voltswitch\n>p1 move stealthrock\n>p2 switch 5\n>p1 switch 2\n>p2 move waterfall\n>p1 move moonblast\n>p2 move waterfall\n>p1 move moonblast\n>p2 move waterfall\n>p2 switch 3\n>p1 switch 6\n>p2 move sappyseed\n>p1 move bodyslam\n>p2 switch 5\n>p1 move bodyslam\n>p2 move painsplit\n>p2 switch 4\n>p1 move toxic\n>p2 move dragondance\n>chat ~SparksTheNeo|uh oh\n>p1 switch 5\n>p2 move dragondance\n>p1 move irondefense\n>p2 move dragonclaw\n>chat ~SparksTheNeo|why did that do so little :sob\n>chat ☆Ark64|idk...\n>p1 move roost\n>p2 switch 2\n>p1 switch 4\n>p2 move haze\n>chat  Swagboi21_W|no boots?\n>chat ~SparksTheNeo|eviolite murkwo\n>chat ☆Ark64|i may be another good item\n>p1 move icebeam mega\n>p2 move taunt\n>p2 switch 5\n>p1 switch 5\n>p2 move stoneaxe\n>p1 move toxic\n>p2 switch 2\n>chat  Swagboi21_W|omg it has ring target\n>p1 switch 4\n>p2 move dragondance\n>p1 move irondefense\n>p2 switch 6\n>p1 move toxic\n>p2 move finalgambit\n>chat ☆Ark64|i had to see if that oko'd\n>p2 switch 6\n>chat ~SparksTheNeo|big crit\n>p1 move roost\n>p2 move dragonclaw\n>chat ~SparksTheNeo|sadge\n>chat ☆Ark64|meganium carries trust\n>p1 move bodypress\n>p2 move bitterblade\n>chat ~SparksTheNeo|one toxic and it's gone\n>chat ☆Ark64|i was joking lol\n>p1 move roost\n>p2 move dragonclaw\n>p2 switch 2\n>p1 move toxic\n>p2 move sappyseed\n>p1 move bodypress\n>p2 move dragontail\n>p1 move icebeam\n>p2 move sappyseed\n>p1 switch 4\n>p2 move sappyseed","uploadtime":1759345768}