{"id":"gen9natdexdraft-121","log":"|j|☆Rena475\n|j|☆umbreoffxd\n|t:|1765342609\n|gametype|singles\n|player|p1|Rena475|candice|\n|player|p2|umbreoffxd|102|\n|gen|9\n|tier|[Gen 9] NatDex Draft\n|rule|Sleep Clause Mod: Limit one foe put to sleep\n|rule|OHKO Clause: OHKO moves are banned\n|rule|Evasion Clause: Evasion abilities, items, and moves are banned\n|rule|Evasion Abilities Clause: Evasion abilities are banned\n|rule|Evasion Items Clause: Evasion items are banned\n|rule|Evasion Moves Clause: Evasion moves are banned\n|rule|Endless Battle Clause: Forcing endless battles is banned\n|rule|HP Percentage Mod: HP is shown in percentages\n|clearpoke\n|poke|p1|Skarmory, F|\n|poke|p1|Iron Bundle|\n|poke|p1|Garchomp, F|\n|poke|p1|Slowking, F|\n|poke|p1|Rotom-Heat|\n|poke|p1|Floette-Eternal, F|\n|poke|p2|Dragonite, M|\n|poke|p2|Meowscarada, F|\n|poke|p2|Zeraora|\n|poke|p2|Volcanion|\n|poke|p2|Meloetta|\n|poke|p2|Tinkaton, F|\n|teampreview\n|c|☆umbreoffxd|gl hf\n|c|☆Rena475|u2\n|j| AeroXI\n|j| Bigg Lad\n|j| CretaceousDraconid\n|\n|t:|1765342676\n|teamsize|p1|6\n|teamsize|p2|6\n|start\n|switch|p1a: Rotom|Rotom-Heat|100/100\n|switch|p2a: Meowscarada|Meowscarada, F, shiny|100/100\n|turn|1\n|\n|t:|1765342685\n|move|p2a: Meowscarada|U-turn|p1a: Rotom\n|-start|p2a: Meowscarada|typechange|Bug|[from] ability: Protean\n|-resisted|p1a: Rotom\n|-damage|p1a: Rotom|87/100\n|-damage|p2a: Meowscarada|84/100|[from] item: Rocky Helmet|[of] p1a: Rotom\n|\n|t:|1765342688\n|switch|p2a: Zeraora|Zeraora|100/100|[from] U-turn\n|move|p1a: Rotom|Thunder Wave|p2a: Zeraora\n|-immune|p2a: Zeraora|[from] ability: Volt Absorb\n|\n|upkeep\n|turn|2\n|j| Cyri__\n|c| Cyri__|Why didnt bro click parabolic charge\n|c| Bigg Lad|not a real move\n|n| AeroXI|aeroxi\n|\n|t:|1765342732\n|move|p2a: Zeraora|Substitute|p2a: Zeraora\n|-start|p2a: Zeraora|Substitute\n|-damage|p2a: Zeraora|76/100\n|move|p1a: Rotom|Overheat|p2a: Zeraora\n|-end|p2a: Zeraora|Substitute\n|-unboost|p1a: Rotom|spa|2\n|\n|-heal|p2a: Zeraora|82/100|[from] item: Leftovers\n|upkeep\n|turn|3\n|\n|t:|1765342738\n|switch|p1a: Vaseraga|Garchomp, F|100/100\n|move|p2a: Zeraora|Substitute|p2a: Zeraora\n|-start|p2a: Zeraora|Substitute\n|-damage|p2a: Zeraora|57/100\n|\n|-heal|p2a: Zeraora|63/100|[from] item: Leftovers\n|upkeep\n|turn|4\n|c| AeroXI|or parting shot \n|\n|t:|1765342743\n|move|p2a: Zeraora|Toxic|p1a: Vaseraga\n|-status|p1a: Vaseraga|tox\n|move|p1a: Vaseraga|Earthquake|p2a: Zeraora\n|-supereffective|p2a: Zeraora\n|-end|p2a: Zeraora|Substitute\n|\n|-heal|p2a: Zeraora|69/100|[from] item: Leftovers\n|-damage|p1a: Vaseraga|94/100 tox|[from] psn\n|upkeep\n|turn|5\n|\n|t:|1765342749\n|switch|p2a: Meowscarada|Meowscarada, F, shiny|84/100\n|move|p1a: Vaseraga|Stealth Rock|p2a: Meowscarada\n|-sidestart|p2: umbreoffxd|move: Stealth Rock\n|\n|-damage|p1a: Vaseraga|82/100 tox|[from] psn\n|upkeep\n|turn|6\n|c| Cyri__|gbf mentioned\n|\n|t:|1765342787\n|switch|p1a: Rotom|Rotom-Heat|87/100\n|move|p2a: Meowscarada|Triple Axel|p1a: Rotom\n|-start|p2a: Meowscarada|typechange|Ice|[from] ability: Protean\n|-resisted|p1a: Rotom\n|-damage|p1a: Rotom|83/100\n|-damage|p2a: Meowscarada|68/100|[from] item: Rocky Helmet|[of] p1a: Rotom\n|-resisted|p1a: Rotom\n|-damage|p1a: Rotom|75/100\n|-damage|p2a: Meowscarada|51/100|[from] item: Rocky Helmet|[of] p1a: Rotom\n|-resisted|p1a: Rotom\n|-damage|p1a: Rotom|64/100\n|-damage|p2a: Meowscarada|35/100|[from] item: Rocky Helmet|[of] p1a: Rotom\n|-hitcount|p1a: Rotom|3\n|\n|upkeep\n|turn|7\n|\n|t:|1765342823\n|switch|p2a: Volcanion|Volcanion|100/100\n|switch|p1a: Vaseraga|Garchomp, F|82/100 tox\n|\n|-damage|p1a: Vaseraga|76/100 tox|[from] psn\n|upkeep\n|turn|8\n|\n|t:|1765342909\n|move|p1a: Vaseraga|Earthquake|p2a: Volcanion\n|-supereffective|p2a: Volcanion\n|-damage|p2a: Volcanion|16/100\n|move|p2a: Volcanion|Defog|p1a: Vaseraga\n|-unboost|p1a: Vaseraga|evasion|1\n|-sideend|p2: umbreoffxd|Stealth Rock|[from] move: Defog|[of] p2a: Volcanion\n|\n|-damage|p1a: Vaseraga|64/100 tox|[from] psn\n|upkeep\n|turn|9\n|\n|t:|1765342918\n|switch|p1a: Slowking|Slowking, F|100/100\n|move|p2a: Volcanion|Steam Eruption|p1a: Slowking\n|-resisted|p1a: Slowking\n|-damage|p1a: Slowking|88/100\n|-status|p1a: Slowking|brn\n|\n|-damage|p1a: Slowking|81/100 brn|[from] brn\n|upkeep\n|turn|10\n|c| Bigg Lad|does rena have the wrong floette?\n|\n|t:|1765342931\n|switch|p2a: Meowscarada|Meowscarada, F, shiny|35/100\n|-prepare|p1a: Slowking|Chilly Reception|[premajor]\n|move|p1a: Slowking|Chilly Reception|p1a: Slowking\n|-weather|Snowscape\n|c|☆umbreoffxd|wdym\n|c| CretaceousDraconid|isnt it meant to be floettezaza or smth\n|c| Bigg Lad|yeah\n|c| Bigg Lad|with no soul heart\n|c| AeroXI|no its the eterenal one at base\n|c| Bigg Lad|its still eternal, just a special eternal with no soul heart in base\n|c|☆Rena475|wait there are 2 base floette eternals?\n|c| Bigg Lad|floette-zaza\n|c|☆umbreoffxd|its not mega floette\n|c|☆umbreoffxd|if thats what u are going on about\n|c| AeroXI|no hes right\n|c| AeroXI|aaren check dms in two seconds\n|c|☆Rena475|it's base floette but there are 2 base floettes on with soul heart and one without \n|c|☆Rena475|I did NOT know\n|c| Bigg Lad|yeah it was changed recently by sparks\n|c| AeroXI|no u just picked the one that looked correct\n|c| Bigg Lad|the higher ups decided that soul heart on a decently statted mon for 8 points was broken or smth\n|c| AeroXI|Ngl just put the recreate in the bag aaren\n|c|☆umbreoffxd|bro idc\n|c|☆umbreoffxd|so which one is he using\n|c|☆umbreoffxd|zaza or the soul heart one\n|c|☆Rena475|the one with soul heart cause my ass did NOT know \n|c| Bigg Lad|rena has the soul heart one, but should have zaza\n|c|☆Rena475|there was more than one floette eternal\n|c|☆umbreoffxd|man my amount of care is so low\n|c|☆umbreoffxd|just play it out i dont care\n|c| AeroXI|ur so real \n|c|☆Rena475|you got it boss man\n|c| AeroXI|ONWARDS SOLDIERS\n|c|☆Rena475|I am going into rotom heat now\n|\n|t:|1765343244\n|switch|p1a: Rotom|Rotom-Heat|64/100|[from] Chilly Reception\n|\n|-weather|Snowscape|[upkeep]\n|upkeep\n|turn|11\n|c|☆umbreoffxd|ill clarify which one to use for everyone after this\n|\n|t:|1765343284\n|move|p2a: Meowscarada|Knock Off|p1a: Rotom\n|-start|p2a: Meowscarada|typechange|Dark|[from] ability: Protean\n|-damage|p1a: Rotom|28/100\n|-damage|p2a: Meowscarada|19/100|[from] item: Rocky Helmet|[of] p1a: Rotom\n|-enditem|p1a: Rotom|Rocky Helmet|[from] move: Knock Off|[of] p2a: Meowscarada\n|move|p1a: Rotom|Overheat|p2a: Meowscarada\n|-damage|p2a: Meowscarada|0 fnt\n|-unboost|p1a: Rotom|spa|2\n|faint|p2a: Meowscarada\n|\n|-weather|Snowscape|[upkeep]\n|upkeep\n|c| Bigg Lad|wise\n|\n|t:|1765343291\n|switch|p2a: Meloetta|Meloetta, shiny|100/100\n|turn|12\n|\n|t:|1765343297\n|move|p2a: Meloetta|Shadow Ball|p1a: Rotom\n|-damage|p1a: Rotom|0 fnt\n|faint|p1a: Rotom\n|\n|-weather|Snowscape|[upkeep]\n|upkeep\n|\n|t:|1765343309\n|switch|p1a: Zeta|Skarmory, F|100/100\n|turn|13\n|\n|t:|1765343318\n|detailschange|p1a: Zeta|Skarmory-Mega-ZA, F\n|-mega|p1a: Zeta|Skarmory|SkarmoriteZA\n|move|p1a: Zeta|Brave Bird|p2a: Meloetta\n|-damage|p2a: Meloetta|9/100\n|-damage|p1a: Zeta|59/100|[from] Recoil\n|move|p2a: Meloetta|Shadow Ball|p1a: Zeta\n|-damage|p1a: Zeta|4/100\n|-unboost|p1a: Zeta|spd|1\n|\n|-weather|Snowscape|[upkeep]\n|upkeep\n|turn|14\n|\n|t:|1765343335\n|switch|p1a: Floette|Floette-Eternal, F|100/100\n|move|p2a: Meloetta|Shadow Ball|p1a: Floette\n|-damage|p1a: Floette|66/100\n|\n|-weather|none\n|upkeep\n|turn|15\n|\n|t:|1765343339\n|switch|p2a: Tinkaton|Tinkaton, F, shiny|100/100\n|-ability|p2a: Tinkaton|Mold Breaker\n|move|p1a: Floette|Wish|p1a: Floette\n|\n|upkeep\n|turn|16\n|\n|t:|1765343349\n|switch|p1a: Vaseraga|Garchomp, F|64/100 tox\n|move|p2a: Tinkaton|Play Rough|p1a: Vaseraga\n|-supereffective|p1a: Vaseraga\n|-damage|p1a: Vaseraga|12/100 tox\n|-damage|p2a: Tinkaton|88/100|[from] ability: Rough Skin|[of] p1a: Vaseraga\n|\n|-heal|p1a: Vaseraga|60/100 tox|[from] move: Wish|[wisher] Floette\n|-damage|p1a: Vaseraga|54/100 tox|[from] psn\n|upkeep\n|turn|17\n|\n|t:|1765343361\n|move|p1a: Vaseraga|Earthquake|p2a: Tinkaton\n|-supereffective|p2a: Tinkaton\n|-enditem|p2a: Tinkaton|Shuca Berry|[eat]\n|-enditem|p2a: Tinkaton|Shuca Berry|[weaken]\n|-damage|p2a: Tinkaton|42/100\n|move|p2a: Tinkaton|Stealth Rock|p1a: Vaseraga\n|-sidestart|p1: Rena475|move: Stealth Rock\n|\n|-damage|p1a: Vaseraga|42/100 tox|[from] psn\n|upkeep\n|turn|18\n|\n|t:|1765343467\n|switch|p2a: Dragonite|Dragonite, M|100/100\n|move|p1a: Vaseraga|Stealth Rock|p2a: Dragonite\n|-sidestart|p2: umbreoffxd|move: Stealth Rock\n|\n|-damage|p1a: Vaseraga|23/100 tox|[from] psn\n|upkeep\n|turn|19\n|\n|t:|1765343481\n|switch|p2a: Meloetta|Meloetta, shiny|9/100\n|-damage|p2a: Meloetta|0 fnt|[from] Stealth Rock\n|faint|p2a: Meloetta\n|move|p1a: Vaseraga|Scale Shot|p2: Meloetta|[notarget]\n|-fail|p1a: Vaseraga\n|\n|-damage|p1a: Vaseraga|0 fnt|[from] psn\n|faint|p1a: Vaseraga\n|upkeep\n|\n|t:|1765343504\n|switch|p1a: Slowking|Slowking, F|100/100 brn\n|switch|p2a: Zeraora|Zeraora|69/100\n|-damage|p2a: Zeraora|57/100|[from] Stealth Rock\n|turn|20\n|\n|t:|1765343515\n|move|p2a: Zeraora|Plasma Fists|p1a: Slowking\n|-supereffective|p1a: Slowking\n|-damage|p1a: Slowking|14/100 brn\n|-fieldactivate|move: Ion Deluge\n|-hint|Normal-type moves become Electric-type after using Plasma Fists.\n|-prepare|p1a: Slowking|Chilly Reception|[premajor]\n|move|p1a: Slowking|Chilly Reception|p1a: Slowking\n|-weather|Snowscape\n|\n|t:|1765343523\n|switch|p1a: Beatrix|Iron Bundle|100/100|[from] Chilly Reception\n|\n|-weather|Snowscape|[upkeep]\n|-heal|p2a: Zeraora|63/100|[from] item: Leftovers\n|upkeep\n|turn|21\n|\n|t:|1765343533\n|switch|p2a: Volcanion|Volcanion|16/100\n|move|p1a: Beatrix|Blizzard|p2a: Volcanion\n|-resisted|p2a: Volcanion\n|-damage|p2a: Volcanion|6/100\n|\n|-weather|Snowscape|[upkeep]\n|upkeep\n|turn|22\n|\n|t:|1765343540\n|move|p1a: Beatrix|Freeze-Dry|p2a: Volcanion\n|-damage|p2a: Volcanion|0 fnt\n|faint|p2a: Volcanion\n|\n|-weather|Snowscape|[upkeep]\n|upkeep\n|\n|t:|1765343544\n|switch|p2a: Tinkaton|Tinkaton, F, shiny|42/100\n|-damage|p2a: Tinkaton|36/100|[from] Stealth Rock\n|-ability|p2a: Tinkaton|Mold Breaker\n|turn|23\n|\n|t:|1765343550\n|move|p1a: Beatrix|Hydro Pump|p2a: Tinkaton|[miss]\n|-miss|p1a: Beatrix|p2a: Tinkaton\n|move|p2a: Tinkaton|Thunder Wave|p1a: Beatrix\n|-status|p1a: Beatrix|par\n|\n|-weather|Snowscape|[upkeep]\n|upkeep\n|turn|24\n|\n|t:|1765343573\n|move|p2a: Tinkaton|Play Rough|p1a: Beatrix\n|-damage|p1a: Beatrix|82/100 par\n|move|p1a: Beatrix|Hydro Pump|p2a: Tinkaton|[miss]\n|-miss|p1a: Beatrix|p2a: Tinkaton\n|\n|-weather|none\n|upkeep\n|turn|25\n|c| CretaceousDraconid|bundle </3\n|c| CretaceousDraconid|best pokemon on the board 80% of the time\n|\n|t:|1765343601\n|switch|p2a: Dragonite|Dragonite, M|100/100\n|-damage|p2a: Dragonite|76/100|[from] Stealth Rock\n|-end|p1a: Beatrix|Quark Drive|[silent]\n|switch|p1a: Slowking|Slowking, F|48/100 brn\n|\n|-damage|p1a: Slowking|42/100 brn|[from] brn\n|upkeep\n|turn|26\n|\n|t:|1765343608\n|detailschange|p2a: Dragonite|Dragonite-Mega-ZA, M\n|-mega|p2a: Dragonite|Dragonite|DragoniniteZA\n|move|p2a: Dragonite|Thunderbolt|p1a: Slowking\n|-supereffective|p1a: Slowking\n|-damage|p1a: Slowking|0 fnt\n|faint|p1a: Slowking\n|\n|upkeep\n|\n|t:|1765343614\n|switch|p1a: Floette|Floette-Eternal, F|66/100\n|-damage|p1a: Floette|54/100|[from] Stealth Rock\n|turn|27\n|\n|t:|1765343617\n|move|p2a: Dragonite|Hydro Pump|p1a: Floette|[miss]\n|-miss|p2a: Dragonite|p1a: Floette\n|move|p1a: Floette|Wish|p1a: Floette\n|\n|upkeep\n|turn|28\n|\n|t:|1765343621\n|switch|p2a: Tinkaton|Tinkaton, F, shiny|36/100\n|-damage|p2a: Tinkaton|30/100|[from] Stealth Rock\n|-ability|p2a: Tinkaton|Mold Breaker\n|move|p1a: Floette|Moonblast|p2a: Tinkaton\n|-resisted|p2a: Tinkaton\n|-damage|p2a: Tinkaton|7/100\n|\n|-heal|p1a: Floette|100/100|[from] move: Wish|[wisher] Floette\n|upkeep\n|turn|29\n|\n|t:|1765343630\n|move|p2a: Tinkaton|Play Rough|p1a: Floette\n|-damage|p1a: Floette|74/100\n|-unboost|p1a: Floette|atk|1\n|move|p1a: Floette|Moonblast|p2a: Tinkaton\n|-resisted|p2a: Tinkaton\n|-damage|p2a: Tinkaton|0 fnt\n|faint|p2a: Tinkaton\n|-ability|p1a: Floette|Soul-Heart|boost\n|-boost|p1a: Floette|spa|1\n|\n|upkeep\n|\n|t:|1765343635\n|switch|p2a: Dragonite|Dragonite-Mega-ZA, M|76/100\n|-damage|p2a: Dragonite|51/100|[from] Stealth Rock\n|turn|30\n|\n|t:|1765343642\n|move|p2a: Dragonite|Thunderbolt|p1a: Floette\n|-damage|p1a: Floette|43/100\n|move|p1a: Floette|Wish|p1a: Floette\n|\n|upkeep\n|turn|31\n|\n|t:|1765343650\n|move|p2a: Dragonite|Thunderbolt|p1a: Floette\n|-damage|p1a: Floette|13/100\n|move|p1a: Floette|Moonblast|p2a: Dragonite\n|-supereffective|p2a: Dragonite\n|-damage|p2a: Dragonite|0 fnt\n|faint|p2a: Dragonite\n|-ability|p1a: Floette|Soul-Heart|boost\n|-boost|p1a: Floette|spa|1\n|detailschange|p2: Dragonite|Dragonite, M|[silent]\n|\n|-heal|p1a: Floette|63/100|[from] move: Wish|[wisher] Floette\n|upkeep\n|\n|t:|1765343654\n|switch|p2a: Zeraora|Zeraora|63/100\n|-damage|p2a: Zeraora|51/100|[from] Stealth Rock\n|turn|32\n|\n|t:|1765343657\n|move|p2a: Zeraora|Substitute|p2a: Zeraora\n|-start|p2a: Zeraora|Substitute\n|-damage|p2a: Zeraora|26/100\n|move|p1a: Floette|Moonblast|p2a: Zeraora\n|-crit|p2a: Zeraora\n|-end|p2a: Zeraora|Substitute\n|\n|-heal|p2a: Zeraora|32/100|[from] item: Leftovers\n|upkeep\n|turn|33\n|\n|t:|1765343659\n|move|p2a: Zeraora|Substitute|p2a: Zeraora\n|-start|p2a: Zeraora|Substitute\n|-damage|p2a: Zeraora|7/100\n|move|p1a: Floette|Moonblast|p2a: Zeraora\n|-end|p2a: Zeraora|Substitute\n|\n|-heal|p2a: Zeraora|14/100|[from] item: Leftovers\n|upkeep\n|turn|34\n|\n|t:|1765343661\n|move|p2a: Zeraora|Plasma Fists|p1a: Floette\n|-damage|p1a: Floette|14/100\n|-fieldactivate|move: Ion Deluge\n|-hint|Normal-type moves become Electric-type after using Plasma Fists.\n|move|p1a: Floette|Moonblast|p2a: Zeraora\n|-crit|p2a: Zeraora\n|-damage|p2a: Zeraora|0 fnt\n|faint|p2a: Zeraora\n|\n|win|Rena475\n|c|☆umbreoffxd|guess it did matter\n|c|☆umbreoffxd|gg\n|c|☆Rena475|gg sorry\n","players":["Rena475","umbreoffxd"],"format":"[Gen 9] NatDex Draft","rating":null,"private":0,"password":null,"inputlog":">version bdb4a0036935f39b98925754afcd47960889aa4d\n>start {\"formatid\":\"gen9natdexdraft\",\"seed\":\"sodium,623be86bf9dbb4409a719f11b2917820\"}\n>player p1 {\"name\":\"Rena475\",\"avatar\":\"candice\",\"team\":\"Zeta|Skarmory|SkarmoriteZA|WeakArmor|BraveBird,Roost,DrillRun,SwordsDance|Jolly|52,216,,,,240|F||||,,,,,Steel]Beatrix|IronBundle|HeavyDutyBoots|QuarkDrive|Uturn,FreezeDry,HydroPump,Blizzard|Timid|88,,16,252,,152|N||||,,,,,Ice]Vaseraga|Garchomp|LoadedDice|RoughSkin|SwordsDance,ScaleShot,Earthquake,StealthRock|Jolly|24,240,4,,,240|F||||,,,,,Dragon]Slowking||HeavyDutyBoots|Regenerator|IceBeam,ChillyReception,Psychic,ThunderWave|Sassy|248,,8,,252,|F|,0,,,,|||,,,,,Water]Rotom|RotomHeat|RockyHelmet|Levitate|VoltSwitch,ThunderWave,Defog,Overheat|Bold|248,,252,8,,|N|,0,,,,|||,,,,,Electric]Floette|FloetteEternal|BabiriBerry|SoulHeart|Moonblast,Psychic,Wish,Protect|Modest|220,,188,100,,|F|,0,,,,|||,,,,,Fairy\",\"rating\":0}\n>player p2 {\"name\":\"umbreoffxd\",\"avatar\":\"102\",\"team\":\"Dragonite||DragoniniteZA|Multiscale|DracoMeteor,HydroPump,Thunderbolt,Agility|Modest|252,,4,252,,|M|,0,,,,|||,,,,,Dragon]Meowscarada||ChoiceScarf|Protean|TripleAxel,FlowerTrick,Uturn,KnockOff|Adamant|24,252,,,,232|F||S||,,,,,Grass]Zeraora||Leftovers|VoltAbsorb|PlasmaFists,Toxic,Substitute,KnockOff|Jolly|168,140,,,,200|N||||,,,,,Electric]Volcanion||HeavyDutyBoots|WaterAbsorb|Flamethrower,SteamEruption,Defog,Toxic|Calm|252,,20,,236,|N|,0,,,,|||,,,,,Fire]Meloetta||ChoiceSpecs|SereneGrace|HyperVoice,ShadowBall,Uturn,Trick|Modest|176,,,252,,80|N||S||,Ice,,,,Normal]Tinkaton||ShucaBerry|MoldBreaker|Bulldoze,ThunderWave,StealthRock,PlayRough|Impish|252,44,164,,,48|F||S||,,,,,Fairy\",\"rating\":0}\n>chat ☆umbreoffxd|gl hf\n>chat ☆Rena475|u2\n>p1 team 5, 2, 3, 4, 1, 6\n>p2 team 2, 1, 3, 4, 5, 6\n>p1 move thunderwave\n>p2 move uturn\n>p2 switch 3\n>chat  Cyri__|Why didnt bro click parabolic charge\n>chat  Bigg Lad|not a real move\n>p1 move overheat\n>p2 move substitute\n>p1 switch 3\n>p2 move substitute\n>chat  AeroXI|or parting shot \n>p1 move earthquake\n>p2 move toxic\n>p1 move stealthrock\n>p2 switch 3\n>chat  Cyri__|gbf mentioned\n>p1 switch 3\n>p2 move tripleaxel\n>p1 switch 3\n>p2 switch 4\n>p1 move earthquake\n>p2 move defog\n>p1 switch 4\n>p2 move steameruption\n>chat  Bigg Lad|does rena have the wrong floette?\n>p1 move chillyreception\n>p2 switch 4\n>chat ☆umbreoffxd|wdym\n>chat  CretaceousDraconid|isnt it meant to be floettezaza or smth\n>chat  Bigg Lad|yeah\n>chat  Bigg Lad|with no soul heart\n>chat  AeroXI|no its the eterenal one at base\n>chat  Bigg Lad|its still eternal, just a special eternal with no soul heart in base\n>chat ☆Rena475|wait there are 2 base floette eternals?\n>chat  Bigg Lad|floette-zaza\n>chat ☆umbreoffxd|its not mega floette\n>chat ☆umbreoffxd|if thats what u are going on about\n>chat  AeroXI|no hes right\n>chat  AeroXI|aaren check dms in two seconds\n>chat ☆Rena475|it's base floette but there are 2 base floettes on with soul heart and one without \n>chat ☆Rena475|I did NOT know\n>chat  Bigg Lad|yeah it was changed recently by sparks\n>chat  AeroXI|no u just picked the one that looked correct\n>chat  Bigg Lad|the higher ups decided that soul heart on a decently statted mon for 8 points was broken or smth\n>chat  AeroXI|Ngl just put the recreate in the bag aaren\n>chat ☆umbreoffxd|bro idc\n>chat ☆umbreoffxd|so which one is he using\n>chat ☆umbreoffxd|zaza or the soul heart one\n>chat ☆Rena475|the one with soul heart cause my ass did NOT know \n>chat  Bigg Lad|rena has the soul heart one, but should have zaza\n>chat ☆Rena475|there was more than one floette eternal\n>chat ☆umbreoffxd|man my amount of care is so low\n>chat ☆umbreoffxd|just play it out i dont care\n>chat  AeroXI|ur so real \n>chat ☆Rena475|you got it boss man\n>chat  AeroXI|ONWARDS SOLDIERS\n>chat ☆Rena475|I am going into rotom heat now\n>p1 switch 3\n>chat ☆umbreoffxd|ill clarify which one to use for everyone after this\n>p1 move overheat\n>p2 move knockoff\n>chat  Bigg Lad|wise\n>p2 switch 5\n>p1 move voltswitch\n>p2 move shadowball\n>p1 switch 5\n>p1 move bravebird mega\n>p2 move shadowball\n>p1 switch 6\n>p2 move shadowball\n>p1 move wish\n>p2 switch 6\n>p1 switch 4\n>p2 move playrough\n>p1 move earthquake\n>p2 move stealthrock\n>p1 move stealthrock\n>p2 switch 2\n>p1 move scaleshot\n>p2 switch 6\n>p1 switch 3\n>p2 switch 3\n>p1 move chillyreception\n>p2 move plasmafists\n>p1 switch 2\n>p1 move blizzard\n>p2 switch 4\n>p1 move freezedry\n>p2 move flamethrower\n>p2 switch 2\n>p1 move hydropump\n>p2 move thunderwave\n>p1 move hydropump\n>p2 move playrough\n>chat  CretaceousDraconid|bundle </3\n>chat  CretaceousDraconid|best pokemon on the board 80% of the time\n>p1 switch 2\n>p2 switch 6\n>p1 move icebeam\n>p2 move thunderbolt mega\n>p1 switch 4\n>p1 move wish\n>p2 move hydropump\n>p1 move moonblast\n>p2 switch 6\n>p1 move moonblast\n>p2 move playrough\n>p2 switch 6\n>p1 move wish\n>p2 move thunderbolt\n>p1 move moonblast\n>p2 move thunderbolt\n>p2 switch 4\n>p1 move moonblast\n>p2 move substitute\n>p1 move moonblast\n>p2 move substitute\n>p1 move moonblast\n>p2 move plasmafists","uploadtime":1765343735}