{"id":"gen9natdexdraft-527","log":"|j|☆psydomia\n|j|☆Misty Mead 2\n|t:|1768771342\n|gametype|singles\n|player|p1|psydomia|265|\n|player|p2|Misty Mead 2|170|\n|gen|9\n|tier|[Gen 9] NatDex Draft\n|rule|Sleep Clause Mod: Limit one foe put to sleep\n|rule|OHKO Clause: OHKO moves are banned\n|rule|Evasion Clause: Evasion abilities, items, and moves are banned\n|rule|Evasion Abilities Clause: Evasion abilities are banned\n|rule|Evasion Items Clause: Evasion items are banned\n|rule|Evasion Moves Clause: Evasion moves are banned\n|rule|Endless Battle Clause: Forcing endless battles is banned\n|rule|HP Percentage Mod: HP is shown in percentages\n|clearpoke\n|poke|p1|Darkrai|\n|poke|p1|Pecharunt|\n|poke|p1|Moltres|\n|poke|p1|Milotic, M|\n|poke|p1|Stakataka|\n|poke|p1|Excadrill, F|\n|poke|p2|Dragapult, F|\n|poke|p2|Iron Treads|\n|poke|p2|Tapu Lele|\n|poke|p2|Cinderace, M|\n|poke|p2|Rotom-Wash|\n|poke|p2|Qwilfish-Hisui, M|\n|teampreview\n|c|☆psydomia|Glhf man!\n|c|☆Misty Mead 2|Will you share the link\n|c|☆psydomia|Yeah for sure lemme do that rq\n|c|☆psydomia|Done \n|c|☆Misty Mead 2|Thx\n|\n|t:|1768771522\n|teamsize|p1|6\n|teamsize|p2|6\n|start\n|switch|p1a: Stakataka|Stakataka, shiny|100/100\n|switch|p2a: Veda|Iron Treads|100/100\n|turn|1\n|\n|t:|1768771536\n|switch|p1a: Moltres|Moltres|100/100\n|move|p2a: Veda|Earthquake|p1a: Moltres\n|-immune|p1a: Moltres\n|\n|upkeep\n|turn|2\n|\n|t:|1768771546\n|move|p2a: Veda|Stone Edge|p1a: Moltres\n|-supereffective|p1a: Moltres\n|-damage|p1a: Moltres|0 fnt\n|faint|p1a: Moltres\n|\n|upkeep\n|\n|t:|1768771553\n|switch|p1a: Milotic|Milotic, M|100/100\n|turn|3\n|\n|t:|1768771566\n|move|p2a: Veda|Volt Switch|p1a: Milotic\n|-supereffective|p1a: Milotic\n|-damage|p1a: Milotic|88/100\n|\n|t:|1768771585\n|-end|p2a: Veda|Quark Drive|[silent]\n|switch|p2a: Yi Sunsin|Rotom-Wash|100/100|[from] Volt Switch\n|move|p1a: Milotic|Scald|p2a: Yi Sunsin\n|-resisted|p2a: Yi Sunsin\n|-damage|p2a: Yi Sunsin|86/100\n|\n|-heal|p1a: Milotic|94/100|[from] item: Leftovers\n|upkeep\n|turn|4\n|c|☆psydomia|Is stakatakas icon thing kyurem black for you too or just me lmaooo\n|c|☆Misty Mead 2|Only for you dude\n|\n|t:|1768771623\n|move|p2a: Yi Sunsin|Volt Switch|p1a: Milotic\n|-supereffective|p1a: Milotic\n|-damage|p1a: Milotic|67/100\n|c|☆psydomia|It cracked me up when I saw it aha \n|c|☆Misty Mead 2|Do you see rotom as igg;ybuff too?\n|c|☆psydomia|Lol I do not\n|\n|t:|1768771669\n|switch|p2a: Persephone|Dragapult, F|100/100|[from] Volt Switch\n|move|p1a: Milotic|Toxic|p2a: Persephone\n|-status|p2a: Persephone|tox\n|\n|-heal|p1a: Milotic|73/100|[from] item: Leftovers\n|-damage|p2a: Persephone|95/100 tox|[from] psn\n|upkeep\n|turn|5\n|c|☆psydomia|That's beautiful \n|\n|t:|1768771692\n|move|p2a: Persephone|Thunderbolt|p1a: Milotic\n|-supereffective|p1a: Milotic\n|-damage|p1a: Milotic|29/100\n|move|p1a: Milotic|Recover|p1a: Milotic\n|-heal|p1a: Milotic|79/100\n|\n|-heal|p1a: Milotic|85/100|[from] item: Leftovers\n|-damage|p2a: Persephone|83/100 tox|[from] psn\n|upkeep\n|turn|6\n|\n|t:|1768771704\n|switch|p2a: Abaddon|Qwilfish-Hisui, M|100/100\n|-ability|p2a: Abaddon|Intimidate|boost\n|-unboost|p1a: Milotic|atk|1\n|move|p1a: Milotic|Flip Turn|p2a: Abaddon\n|-damage|p2a: Abaddon|95/100\n|\n|t:|1768771712\n|switch|p1a: Stakataka|Stakataka, shiny|100/100|[from] Flip Turn\n|\n|upkeep\n|turn|7\n|\n|t:|1768771724\n|switch|p2a: Veda|Iron Treads|100/100\n|move|p1a: Stakataka|Stone Edge|p2a: Veda\n|-resisted|p2a: Veda\n|-damage|p2a: Veda|88/100\n|\n|upkeep\n|turn|8\n|\n|t:|1768771758\n|switch|p1a: Pecharunt|Pecharunt|100/100\n|move|p2a: Veda|Earthquake|p1a: Pecharunt\n|-supereffective|p1a: Pecharunt\n|-damage|p1a: Pecharunt|60/100\n|\n|upkeep\n|turn|9\n|\n|t:|1768771768\n|move|p2a: Veda|Volt Switch|p1a: Pecharunt\n|-damage|p1a: Pecharunt|49/100\n|\n|t:|1768771771\n|-end|p2a: Veda|Quark Drive|[silent]\n|switch|p2a: Persephone|Dragapult, F|83/100 tox|[from] Volt Switch\n|move|p1a: Pecharunt|Recover|p1a: Pecharunt\n|-heal|p1a: Pecharunt|99/100\n|\n|-damage|p2a: Persephone|77/100 tox|[from] psn\n|upkeep\n|turn|10\n|\n|t:|1768771783\n|switch|p1a: Darkrai|Darkrai, shiny|100/100\n|move|p2a: Persephone|Shadow Ball|p1a: Darkrai\n|-resisted|p1a: Darkrai\n|-damage|p1a: Darkrai|69/100\n|\n|-damage|p2a: Persephone|65/100 tox|[from] psn\n|upkeep\n|turn|11\n|\n|t:|1768771821\n|switch|p2a: Abaddon|Qwilfish-Hisui, M|95/100\n|-ability|p2a: Abaddon|Intimidate|boost\n|-unboost|p1a: Darkrai|atk|1\n|move|p1a: Darkrai|Ice Beam|p2a: Abaddon\n|-damage|p2a: Abaddon|60/100\n|\n|upkeep\n|turn|12\n|\n|t:|1768771849\n|switch|p1a: Stakataka|Stakataka, shiny|100/100\n|move|p2a: Abaddon|Pain Split|p1a: Stakataka\n|-sethp|p1a: Stakataka|81/100|[from] move: Pain Split|[silent]\n|-sethp|p2a: Abaddon|79/100|[from] move: Pain Split\n|\n|upkeep\n|turn|13\n|\n|t:|1768771867\n|switch|p2a: Yi Sunsin|Rotom-Wash|86/100\n|move|p1a: Stakataka|Earthquake|p2a: Yi Sunsin\n|-immune|p2a: Yi Sunsin|[from] ability: Levitate\n|\n|upkeep\n|turn|14\n|\n|t:|1768771883\n|switch|p1a: Milotic|Milotic, M|85/100\n|move|p2a: Yi Sunsin|Volt Switch|p1a: Milotic\n|-supereffective|p1a: Milotic\n|-damage|p1a: Milotic|59/100\n|\n|t:|1768771939\n|switch|p2a: Surya|Cinderace, M|100/100|[from] Volt Switch\n|\n|-heal|p1a: Milotic|65/100|[from] item: Leftovers\n|upkeep\n|turn|15\n|\n|t:|1768771947\n|switch|p1a: Pecharunt|Pecharunt|99/100\n|move|p2a: Surya|Low Kick|p1a: Pecharunt\n|-start|p2a: Surya|typechange|Fighting|[from] ability: Libero\n|-immune|p1a: Pecharunt\n|\n|upkeep\n|turn|16\n|\n|t:|1768771957\n|move|p2a: Surya|U-turn|p1a: Pecharunt\n|-resisted|p1a: Pecharunt\n|-damage|p1a: Pecharunt|97/100\n|-damage|p2a: Surya|84/100|[from] item: Rocky Helmet|[of] p1a: Pecharunt\n|\n|t:|1768771965\n|switch|p2a: Abaddon|Qwilfish-Hisui, M|79/100|[from] U-turn\n|-ability|p2a: Abaddon|Intimidate|boost\n|-unboost|p1a: Pecharunt|atk|1\n|move|p1a: Pecharunt|Parting Shot|p2a: Abaddon\n|-unboost|p2a: Abaddon|atk|1\n|-unboost|p2a: Abaddon|spa|1\n|\n|t:|1768771977\n|switch|p1a: Excadrill|Excadrill, F, shiny|100/100|[from] Parting Shot\n|\n|upkeep\n|turn|17\n|\n|t:|1768772004\n|switch|p2a: Surya|Cinderace, M|84/100\n|detailschange|p1a: Excadrill|Excadrill-Mega-ZA, F, shiny\n|-mega|p1a: Excadrill|Excadrill|ExcadriteZA\n|move|p1a: Excadrill|Return|p2a: Surya\n|-crit|p2a: Surya\n|-damage|p2a: Surya|0 fnt\n|faint|p2a: Surya\n|\n|upkeep\n|c|☆psydomia|Oof sorry that likely mattered\n|c|☆Misty Mead 2|Crit mightve mattered\n|\n|t:|1768772044\n|switch|p2a: Yi Sunsin|Rotom-Wash|86/100\n|turn|18\n|\n|t:|1768772080\n|switch|p1a: Milotic|Milotic, M|65/100\n|move|p2a: Yi Sunsin|Volt Switch|p1a: Milotic\n|-supereffective|p1a: Milotic\n|-damage|p1a: Milotic|36/100\n|\n|t:|1768772088\n|switch|p2a: Veda|Iron Treads|88/100|[from] Volt Switch\n|\n|-heal|p1a: Milotic|42/100|[from] item: Leftovers\n|upkeep\n|turn|19\n|\n|t:|1768772097\n|switch|p1a: Pecharunt|Pecharunt|97/100\n|move|p2a: Veda|Earthquake|p1a: Pecharunt\n|-supereffective|p1a: Pecharunt\n|-damage|p1a: Pecharunt|55/100\n|\n|upkeep\n|turn|20\n|\n|t:|1768772103\n|move|p2a: Veda|Earthquake|p1a: Pecharunt\n|-supereffective|p1a: Pecharunt\n|-damage|p1a: Pecharunt|15/100\n|move|p1a: Pecharunt|Recover|p1a: Pecharunt\n|-heal|p1a: Pecharunt|65/100\n|\n|upkeep\n|turn|21\n|\n|t:|1768772107\n|move|p2a: Veda|Earthquake|p1a: Pecharunt\n|-supereffective|p1a: Pecharunt\n|-damage|p1a: Pecharunt|23/100\n|move|p1a: Pecharunt|Recover|p1a: Pecharunt\n|-heal|p1a: Pecharunt|73/100\n|\n|upkeep\n|turn|22\n|\n|t:|1768772110\n|move|p2a: Veda|Earthquake|p1a: Pecharunt\n|-supereffective|p1a: Pecharunt\n|-damage|p1a: Pecharunt|31/100\n|move|p1a: Pecharunt|Recover|p1a: Pecharunt\n|-heal|p1a: Pecharunt|81/100\n|\n|upkeep\n|turn|23\n|\n|t:|1768772115\n|move|p2a: Veda|Earthquake|p1a: Pecharunt\n|-supereffective|p1a: Pecharunt\n|-damage|p1a: Pecharunt|41/100\n|move|p1a: Pecharunt|Recover|p1a: Pecharunt\n|-heal|p1a: Pecharunt|91/100\n|\n|upkeep\n|turn|24\n|\n|t:|1768772142\n|move|p2a: Veda|Earthquake|p1a: Pecharunt\n|-supereffective|p1a: Pecharunt\n|-damage|p1a: Pecharunt|46/100\n|move|p1a: Pecharunt|Parting Shot|p2a: Veda\n|-unboost|p2a: Veda|atk|1\n|-unboost|p2a: Veda|spa|1\n|\n|t:|1768772171\n|switch|p1a: Milotic|Milotic, M|42/100|[from] Parting Shot\n|\n|-heal|p1a: Milotic|48/100|[from] item: Leftovers\n|upkeep\n|turn|25\n|\n|t:|1768772179\n|move|p2a: Veda|Volt Switch|p1a: Milotic\n|-supereffective|p1a: Milotic\n|-damage|p1a: Milotic|39/100\n|\n|t:|1768772183\n|-end|p2a: Veda|Quark Drive|[silent]\n|switch|p2a: Yi Sunsin|Rotom-Wash|86/100|[from] Volt Switch\n|move|p1a: Milotic|Recover|p1a: Milotic\n|-heal|p1a: Milotic|89/100\n|\n|-heal|p1a: Milotic|95/100|[from] item: Leftovers\n|upkeep\n|turn|26\n|\n|t:|1768772195\n|move|p2a: Yi Sunsin|Volt Switch|p1a: Milotic\n|-supereffective|p1a: Milotic\n|-damage|p1a: Milotic|68/100\n|\n|t:|1768772204\n|switch|p2a: Abaddon|Qwilfish-Hisui, M|79/100|[from] Volt Switch\n|-ability|p2a: Abaddon|Intimidate|boost\n|-unboost|p1a: Milotic|atk|1\n|move|p1a: Milotic|Flip Turn|p2a: Abaddon\n|-damage|p2a: Abaddon|73/100\n|\n|t:|1768772211\n|switch|p1a: Stakataka|Stakataka, shiny|81/100|[from] Flip Turn\n|\n|upkeep\n|turn|27\n|\n|t:|1768772238\n|move|p2a: Abaddon|Throat Chop|p1a: Stakataka\n|-damage|p1a: Stakataka|66/100\n|-start|p1a: Stakataka|Throat Chop|[silent]\n|move|p1a: Stakataka|Trick Room|p1a: Stakataka\n|-fieldstart|move: Trick Room|[of] p1a: Stakataka\n|\n|upkeep\n|turn|28\n|\n|t:|1768772266\n|move|p1a: Stakataka|Stone Edge|p2a: Abaddon\n|-damage|p2a: Abaddon|40/100\n|move|p2a: Abaddon|Pain Split|p1a: Stakataka\n|-sethp|p1a: Stakataka|53/100|[from] move: Pain Split|[silent]\n|-sethp|p2a: Abaddon|52/100|[from] move: Pain Split\n|\n|-end|p1a: Stakataka|Throat Chop|[silent]\n|upkeep\n|turn|29\n|\n|t:|1768772300\n|move|p1a: Stakataka|Gyro Ball|p2a: Abaddon\n|-damage|p2a: Abaddon|0 fnt\n|faint|p2a: Abaddon\n|-ability|p1a: Stakataka|Beast Boost|boost\n|-boost|p1a: Stakataka|def|1\n|\n|upkeep\n|\n|t:|1768772305\n|switch|p2a: Yi Sunsin|Rotom-Wash|86/100\n|turn|30\n|\n|t:|1768772319\n|switch|p1a: Milotic|Milotic, M|68/100\n|move|p2a: Yi Sunsin|Hydro Pump|p1a: Milotic|[miss]\n|-miss|p2a: Yi Sunsin|p1a: Milotic\n|\n|-heal|p1a: Milotic|74/100|[from] item: Leftovers\n|upkeep\n|turn|31\n|\n|t:|1768772331\n|move|p1a: Milotic|Scald|p2a: Yi Sunsin\n|-resisted|p2a: Yi Sunsin\n|-damage|p2a: Yi Sunsin|71/100\n|move|p2a: Yi Sunsin|Volt Switch|p1a: Milotic\n|-supereffective|p1a: Milotic\n|-damage|p1a: Milotic|48/100\n|\n|t:|1768772349\n|switch|p2a: Veda|Iron Treads|88/100|[from] Volt Switch\n|\n|-heal|p1a: Milotic|54/100|[from] item: Leftovers\n|-fieldend|move: Trick Room\n|upkeep\n|turn|32\n|\n|t:|1768772360\n|move|p2a: Veda|Volt Switch|p1a: Milotic\n|-supereffective|p1a: Milotic\n|-damage|p1a: Milotic|42/100\n|\n|t:|1768772363\n|-end|p2a: Veda|Quark Drive|[silent]\n|switch|p2a: Yi Sunsin|Rotom-Wash|71/100|[from] Volt Switch\n|move|p1a: Milotic|Recover|p1a: Milotic\n|-heal|p1a: Milotic|93/100\n|\n|-heal|p1a: Milotic|99/100|[from] item: Leftovers\n|upkeep\n|turn|33\n|c|☆Misty Mead 2|So annoying dude\n|\n|t:|1768772398\n|move|p2a: Yi Sunsin|Volt Switch|p1a: Milotic\n|-supereffective|p1a: Milotic\n|-damage|p1a: Milotic|71/100\n|\n|t:|1768772400\n|switch|p2a: Persephone|Dragapult, F|65/100 tox|[from] Volt Switch\n|move|p1a: Milotic|Flip Turn|p2a: Persephone\n|-resisted|p2a: Persephone\n|-damage|p2a: Persephone|57/100 tox\n|\n|t:|1768772407\n|switch|p1a: Darkrai|Darkrai, shiny|69/100|[from] Flip Turn\n|\n|-damage|p2a: Persephone|51/100 tox|[from] psn\n|upkeep\n|turn|34\n|\n|t:|1768772415\n|move|p1a: Darkrai|Dark Pulse|p2a: Persephone\n|-supereffective|p2a: Persephone\n|-damage|p2a: Persephone|0 fnt\n|faint|p2a: Persephone\n|\n|upkeep\n|\n|t:|1768772419\n|switch|p2a: Uriel|Tapu Lele|100/100\n|-fieldstart|move: Psychic Terrain|[from] ability: Psychic Surge|[of] p2a: Uriel\n|turn|35\n|\n|t:|1768772470\n|switch|p1a: Stakataka|Stakataka, shiny|53/100\n|move|p2a: Uriel|Moonblast|p1a: Stakataka\n|-resisted|p1a: Stakataka\n|-damage|p1a: Stakataka|20/100\n|-damage|p2a: Uriel|91/100|[from] item: Life Orb\n|\n|upkeep\n|turn|36\n|\n|t:|1768772486\n|switch|p2a: Yi Sunsin|Rotom-Wash|71/100\n|move|p1a: Stakataka|Trick Room|p1a: Stakataka\n|-fieldstart|move: Trick Room|[of] p1a: Stakataka\n|\n|upkeep\n|turn|37\n|\n|t:|1768772507\n|move|p1a: Stakataka|Stone Edge|p2a: Yi Sunsin\n|-damage|p2a: Yi Sunsin|22/100\n|-enditem|p2a: Yi Sunsin|Sitrus Berry|[eat]\n|-heal|p2a: Yi Sunsin|47/100|[from] item: Sitrus Berry\n|move|p2a: Yi Sunsin|Volt Switch|p1a: Stakataka\n|-damage|p1a: Stakataka|0 fnt\n|faint|p1a: Stakataka\n|\n|t:|1768772516\n|switch|p2a: Uriel|Tapu Lele|91/100|[from] Volt Switch\n|\n|upkeep\n|\n|t:|1768772529\n|switch|p1a: Pecharunt|Pecharunt|46/100\n|turn|38\n|\n|t:|1768772547\n|switch|p2a: Veda|Iron Treads|88/100\n|move|p1a: Pecharunt|Shadow Ball|p2a: Veda\n|-damage|p2a: Veda|57/100\n|\n|upkeep\n|turn|39\n|\n|t:|1768772575\n|move|p1a: Pecharunt|Recover|p1a: Pecharunt\n|-heal|p1a: Pecharunt|97/100\n|move|p2a: Veda|Volt Switch|p1a: Pecharunt\n|-damage|p1a: Pecharunt|85/100\n|\n|t:|1768772595\n|-end|p2a: Veda|Quark Drive|[silent]\n|switch|p2a: Yi Sunsin|Rotom-Wash|47/100|[from] Volt Switch\n|\n|-fieldend|move: Psychic Terrain\n|upkeep\n|turn|40\n|\n|t:|1768772617\n|move|p1a: Pecharunt|Shadow Ball|p2a: Yi Sunsin\n|-damage|p2a: Yi Sunsin|18/100\n|-unboost|p2a: Yi Sunsin|spd|1\n|move|p2a: Yi Sunsin|Pain Split|p1a: Pecharunt\n|-sethp|p1a: Pecharunt|50/100|[from] move: Pain Split|[silent]\n|-sethp|p2a: Yi Sunsin|63/100|[from] move: Pain Split\n|\n|-fieldend|move: Trick Room\n|upkeep\n|turn|41\n|\n|t:|1768772625\n|move|p2a: Yi Sunsin|Volt Switch|p1a: Pecharunt\n|-damage|p1a: Pecharunt|25/100\n|\n|t:|1768772633\n|switch|p2a: Uriel|Tapu Lele|91/100|[from] Volt Switch\n|-fieldstart|move: Psychic Terrain|[from] ability: Psychic Surge|[of] p2a: Uriel\n|move|p1a: Pecharunt|Shadow Ball|p2a: Uriel\n|-supereffective|p2a: Uriel\n|-damage|p2a: Uriel|41/100\n|\n|upkeep\n|turn|42\n|\n|t:|1768772640\n|move|p2a: Uriel|Psychic|p1a: Pecharunt\n|-supereffective|p1a: Pecharunt\n|-damage|p1a: Pecharunt|0 fnt\n|faint|p1a: Pecharunt\n|-damage|p2a: Uriel|31/100|[from] item: Life Orb\n|\n|upkeep\n|\n|t:|1768772643\n|switch|p1a: Darkrai|Darkrai, shiny|69/100\n|turn|43\n|\n|t:|1768772648\n|move|p1a: Darkrai|Dark Pulse|p2a: Uriel\n|-damage|p2a: Uriel|0 fnt\n|faint|p2a: Uriel\n|\n|upkeep\n|\n|t:|1768772651\n|switch|p2a: Yi Sunsin|Rotom-Wash|63/100\n|turn|44\n|\n|t:|1768772659\n|move|p1a: Darkrai|Dark Pulse|p2a: Yi Sunsin\n|-damage|p2a: Yi Sunsin|15/100\n|move|p2a: Yi Sunsin|Volt Switch|p1a: Darkrai\n|-damage|p1a: Darkrai|37/100\n|\n|t:|1768772663\n|switch|p2a: Veda|Iron Treads|57/100|[from] Volt Switch\n|\n|upkeep\n|turn|45\n|\n|t:|1768772668\n|move|p1a: Darkrai|Dark Pulse|p2a: Veda\n|-damage|p2a: Veda|0 fnt\n|faint|p2a: Veda\n|-end|p2a: Veda|Quark Drive|[silent]\n|\n|-fieldend|move: Psychic Terrain\n|upkeep\n|\n|t:|1768772671\n|switch|p2a: Yi Sunsin|Rotom-Wash|15/100\n|turn|46\n|\n|t:|1768772675\n|move|p1a: Darkrai|Dark Pulse|p2a: Yi Sunsin\n|-damage|p2a: Yi Sunsin|0 fnt\n|faint|p2a: Yi Sunsin\n|\n|win|psydomia\n|c|☆psydomia|Ggs wp! Gl with rest of season \n","players":["psydomia","Misty Mead 2"],"format":"[Gen 9] NatDex Draft","rating":null,"private":0,"password":null,"inputlog":">version 36cf988d66dbad4151963a7bc9d9267feedacf40\n>start {\"formatid\":\"gen9natdexdraft\",\"seed\":\"sodium,0ccf46dc1064f2c600a47b863dc91bee\"}\n>player p1 {\"name\":\"psydomia\",\"avatar\":\"265\",\"team\":\"Darkrai||ChoiceScarf|BadDreams|DarkPulse,SludgeBomb,FocusBlast,IceBeam|Modest|28,,,252,,228|N|,0,,,,|S||,,,,,Dark]Pecharunt||RockyHelmet|PoisonPuppeteer|MalignantChain,ShadowBall,Recover,PartingShot|Bold|248,,252,,8,|N|,0,,,,17|||,,,,,Poison]Moltres||HeavyDutyBoots|FlameBody|Flamethrower,Hurricane,Roost,Uturn|Modest|,,,252,,252|N||||,,,,,Fire]Milotic||Leftovers|MarvelScale|Scald,Toxic,Recover,FlipTurn|Sassy|248,,8,,252,|M||||,,,,,Water]Stakataka||FocusSash|BeastBoost|StoneEdge,GyroBall,Earthquake,TrickRoom|Brave|248,252,,,8,|N|,,,,,0|S||,,,,,Rock]Excadrill||ExcadriteZA|SandRush|HighHorsepower,IronHead,Return,RapidSpin|Jolly|16,252,,,,240|F||S||,,,,,Ground\",\"rating\":0}\n>player p2 {\"name\":\"Misty Mead 2\",\"avatar\":\"170\",\"team\":\"Persephone|Dragapult|ChoiceSpecs|ClearBody|ShadowBall,DracoMeteor,Thunderbolt,Uturn|Timid|,,152,232,4,120|F||||,,,,,Dragon]Veda|IronTreads|ChopleBerry|QuarkDrive|Earthquake,HeavySlam,StoneEdge,VoltSwitch|Jolly|104,172,,,,232|N||||,,,,,Ground]Uriel|TapuLele|LifeOrb|PsychicSurge|Moonblast,Psychic,FocusBlast,ShadowBall|Timid|40,,,252,,216|N||||,,,,,Psychic]Surya|Cinderace|HeavyDutyBoots|Libero|PyroBall,SmackDown,Uturn,LowKick|Adamant|8,252,,,,248|M||||,,,,,Fire]Yi Sunsin|RotomWash|SitrusBerry|Levitate|VoltSwitch,HydroPump,WillOWisp,PainSplit|Bold|224,,248,36,,|N||||,,,,,Electric]Abaddon|QwilfishHisui|Eviolite|Intimidate|PainSplit,ThroatChop,Toxic,Haze|Impish|248,,228,,32,|M||||,,,,,Dark\",\"rating\":0}\n>chat ☆psydomia|Glhf man!\n>chat ☆Misty Mead 2|Will you share the link\n>chat ☆psydomia|Yeah for sure lemme do that rq\n>chat ☆psydomia|Done \n>chat ☆Misty Mead 2|Thx\n>p1 team 5, 2, 3, 4, 1, 6\n>p2 team 2, 1, 3, 4, 5, 6\n>p1 switch 3\n>p2 move earthquake\n>p1 move flamethrower\n>p2 move stoneedge\n>p1 switch 4\n>p1 move scald\n>p2 move voltswitch\n>p2 switch 5\n>chat ☆psydomia|Is stakatakas icon thing kyurem black for you too or just me lmaooo\n>chat ☆Misty Mead 2|Only for you dude\n>p1 move toxic\n>p2 move voltswitch\n>chat ☆psydomia|It cracked me up when I saw it aha \n>chat ☆Misty Mead 2|Do you see rotom as igg;ybuff too?\n>chat ☆psydomia|Lol I do not\n>p2 switch 2\n>chat ☆psydomia|That's beautiful \n>p1 move recover\n>p2 move thunderbolt\n>p1 move flipturn\n>p2 switch 6\n>p1 switch 3\n>p1 move stoneedge\n>p2 switch 5\n>p1 switch 2\n>p2 move earthquake\n>p1 move recover\n>p2 move voltswitch\n>p2 switch 6\n>p1 switch 5\n>p2 move shadowball\n>p1 move icebeam\n>p2 switch 5\n>p1 switch 2\n>p2 move painsplit\n>p1 move earthquake\n>p2 switch 2\n>p1 switch 3\n>p2 move voltswitch\n>p2 switch 4\n>p1 switch 5\n>p2 move lowkick\n>p1 move partingshot\n>p2 move uturn\n>p2 switch 2\n>p1 switch 6\n>p1 move return mega\n>p2 switch 2\n>chat ☆psydomia|Oof sorry that likely mattered\n>chat ☆Misty Mead 2|Crit mightve mattered\n>p2 switch 4\n>p1 switch 5\n>p2 move voltswitch\n>p2 switch 6\n>p1 switch 6\n>p2 move earthquake\n>p1 move recover\n>p2 move earthquake\n>p1 move recover\n>p2 move earthquake\n>p1 move recover\n>p2 move earthquake\n>p1 move recover\n>p2 move earthquake\n>p1 move partingshot\n>p2 move earthquake\n>p1 switch 6\n>p1 move recover\n>p2 move voltswitch\n>p2 switch 6\n>p1 move flipturn\n>p2 move voltswitch\n>p2 switch 2\n>p1 switch 3\n>p1 move trickroom\n>p2 move throatchop\n>p1 move stoneedge\n>p2 move painsplit\n>p1 move gyroball\n>p2 move painsplit\n>p2 switch 2\n>p1 switch 3\n>p2 move hydropump\n>p1 move scald\n>p2 move voltswitch\n>p2 switch 6\n>p1 move recover\n>p2 move voltswitch\n>p2 switch 6\n>chat ☆Misty Mead 2|So annoying dude\n>p1 move flipturn\n>p2 move voltswitch\n>p2 switch 5\n>p1 switch 2\n>p1 move darkpulse\n>p2 move uturn\n>p2 switch 3\n>p1 switch 3\n>p2 move moonblast\n>p1 move trickroom\n>p2 switch 5\n>p1 move stoneedge\n>p2 move voltswitch\n>p2 switch 5\n>p1 switch 6\n>p1 move shadowball\n>p2 switch 6\n>p1 move recover\n>p2 move voltswitch\n>p2 switch 5\n>p1 move shadowball\n>p2 move painsplit\n>p1 move shadowball\n>p2 move voltswitch\n>p2 switch 6\n>p1 move shadowball\n>p2 move psychic\n>p1 switch 3\n>p1 move darkpulse\n>p2 move moonblast\n>p2 switch 6\n>p1 move darkpulse\n>p2 move voltswitch\n>p2 switch 5\n>p1 move darkpulse\n>p2 move earthquake\n>p2 switch 5\n>p1 move darkpulse\n>p2 move voltswitch","uploadtime":1768772693}