{"id":"gen9natdexdraft-42","log":"|j|☆NottaDoc\n|j|☆fiendishzealot\n|t:|1759352365\n|gametype|singles\n|player|p1|NottaDoc|2|\n|player|p2|fiendishzealot|102|\n|gen|9\n|tier|[Gen 9] NatDex Draft\n|rule|Tera Type Preview: Tera Types are shown at Team Preview\n|rule|Sleep Clause Mod: Limit one foe put to sleep\n|rule|OHKO Clause: OHKO moves are banned\n|rule|Evasion Clause: Evasion abilities, items, and moves are banned\n|rule|Evasion Abilities Clause: Evasion abilities are banned\n|rule|Evasion Items Clause: Evasion items are banned\n|rule|Evasion Moves Clause: Evasion moves are banned\n|rule|Endless Battle Clause: Forcing endless battles is banned\n|rule|HP Percentage Mod: HP is shown in percentages\n|raw|<div class=\"infobox\"><details class=\"readmore\" open><summary><strong>1 custom rule:</strong></summary> Tera Type Preview</details></div>\n|clearpoke\n|poke|p1|Gholdengo|\n|poke|p1|Iron Drill, F|\n|poke|p1|Gyarados, M|\n|poke|p1|Tapu Koko|\n|poke|p1|Landorus-Therian, M|\n|poke|p1|Ledigod, F|\n|poke|p2|Queendra, M|\n|poke|p2|Celesteela|\n|poke|p2|Plasmatomb, F|\n|poke|p2|Donphan, M|\n|poke|p2|Ogerpon-Wellspring, F|\n|poke|p2|Rotom-Heat|\n|raw|NottaDoc's Tera Types:<br /><psicon pokemon=\"gholdengo\" /><psicon type=\"Fighting\" /> / <psicon pokemon=\"irondrill\" /><psicon type=\"Dragon\" /> / <psicon pokemon=\"gyarados\" /><psicon type=\"Fairy\" /> / <psicon pokemon=\"tapukoko\" /><psicon type=\"Poison\" /> / <psicon pokemon=\"landorustherian\" /><psicon type=\"Fire\" /> / <psicon pokemon=\"ledigod\" /><psicon type=\"Flying\" />\n|raw|fiendishzealot's Tera Types:<br /><psicon pokemon=\"queendra\" /><psicon type=\"Ice\" /> / <psicon pokemon=\"celesteela\" /><psicon type=\"Steel\" /> / <psicon pokemon=\"plasmatomb\" /><psicon type=\"Water\" /> / <psicon pokemon=\"donphan\" /><psicon type=\"Ground\" /> / <psicon pokemon=\"ogerponwellspring\" /><psicon type=\"Water\" /> / <psicon pokemon=\"rotomheat\" /><psicon type=\"Electric\" />\n|teampreview\n|j|~SparksTheNeo\n|c|☆NottaDoc|glhf\n|c|☆fiendishzealot|u2\n|j| liviifailure\n|\n|t:|1759352477\n|teamsize|p1|6\n|teamsize|p2|6\n|start\n|switch|p1a: Gyarados|Gyarados, M|100/100\n|switch|p2a: 30 Mins|Rotom-Heat, shiny|100/100\n|-ability|p1a: Gyarados|Intimidate|boost\n|-unboost|p2a: 30 Mins|atk|1\n|turn|1\n|\n|t:|1759352511\n|switch|p1a: Landorus|Landorus-Therian, M|100/100\n|-ability|p1a: Landorus|Intimidate|boost\n|-unboost|p2a: 30 Mins|atk|1\n|move|p2a: 30 Mins|Will-O-Wisp|p1a: Landorus\n|-status|p1a: Landorus|brn\n|\n|-damage|p1a: Landorus|94/100 brn|[from] brn\n|upkeep\n|turn|2\n|\n|t:|1759352539\n|switch|p2a: Obelisk|Queendra, M, shiny|100/100\n|move|p1a: Landorus|Stealth Rock|p2a: Obelisk\n|-sidestart|p2: fiendishzealot|move: Stealth Rock\n|\n|-damage|p1a: Landorus|88/100 brn|[from] brn\n|upkeep\n|turn|3\n|\n|t:|1759352556\n|detailschange|p2a: Obelisk|Queendra-Mega, M, shiny\n|-mega|p2a: Obelisk|Queendra|Queendrite\n|move|p2a: Obelisk|Freeze-Dry|p1a: Landorus\n|-supereffective|p1a: Landorus\n|-damage|p1a: Landorus|0 fnt\n|faint|p1a: Landorus\n|\n|upkeep\n|\n|t:|1759352597\n|switch|p1a: Tapu Koko|Tapu Koko|100/100\n|-fieldstart|move: Electric Terrain|[from] ability: Electric Surge|[of] p1a: Tapu Koko\n|turn|4\n|\n|t:|1759352611\n|switch|p2a: Present Great Tusk|Donphan, M, shiny|100/100\n|-damage|p2a: Present Great Tusk|94/100|[from] Stealth Rock\n|move|p1a: Tapu Koko|Light Screen|p1a: Tapu Koko\n|-sidestart|p1: NottaDoc|move: Light Screen\n|\n|-heal|p2a: Present Great Tusk|100/100|[from] item: Leftovers\n|upkeep\n|turn|5\n|\n|t:|1759352631\n|move|p1a: Tapu Koko|Reflect|p1a: Tapu Koko\n|-sidestart|p1: NottaDoc|Reflect\n|move|p2a: Present Great Tusk|Earthquake|p1a: Tapu Koko\n|-supereffective|p1a: Tapu Koko\n|-damage|p1a: Tapu Koko|38/100\n|\n|upkeep\n|turn|6\n|\n|t:|1759352640\n|switch|p1a: Ledigod|Ledigod, F|100/100\n|move|p2a: Present Great Tusk|Stealth Rock|p1a: Ledigod\n|-sidestart|p1: NottaDoc|move: Stealth Rock\n|\n|upkeep\n|turn|7\n|\n|t:|1759352646\n|move|p1a: Ledigod|Victory Dance|p1a: Ledigod\n|-boost|p1a: Ledigod|atk|1\n|-boost|p1a: Ledigod|def|1\n|-boost|p1a: Ledigod|spe|1\n|move|p2a: Present Great Tusk|Rapid Spin|p1a: Ledigod\n|-crit|p1a: Ledigod\n|-damage|p1a: Ledigod|55/100\n|-boost|p2a: Present Great Tusk|spe|1\n|-sideend|p2: fiendishzealot|Stealth Rock|[from] move: Rapid Spin|[of] p2a: Present Great Tusk\n|\n|upkeep\n|turn|8\n|\n|t:|1759352680\n|move|p1a: Ledigod|Victory Dance|p1a: Ledigod\n|-boost|p1a: Ledigod|atk|1\n|-boost|p1a: Ledigod|def|1\n|-boost|p1a: Ledigod|spe|1\n|move|p2a: Present Great Tusk|Ice Spinner|p1a: Ledigod\n|-damage|p1a: Ledigod|42/100\n|-fieldend|move: Electric Terrain\n|\n|upkeep\n|turn|9\n|c|~SparksTheNeo|Ledigod gaming\n|\n|t:|1759352756\n|move|p1a: Ledigod|Victory Dance|p1a: Ledigod\n|-boost|p1a: Ledigod|atk|1\n|-boost|p1a: Ledigod|def|1\n|-boost|p1a: Ledigod|spe|1\n|move|p2a: Present Great Tusk|Ice Spinner|p1a: Ledigod\n|-damage|p1a: Ledigod|31/100\n|\n|upkeep\n|turn|10\n|\n|t:|1759352771\n|move|p1a: Ledigod|Mach Punch|p2a: Present Great Tusk\n|-damage|p2a: Present Great Tusk|49/100\n|move|p2a: Present Great Tusk|Ice Spinner|p1a: Ledigod\n|-damage|p1a: Ledigod|21/100\n|\n|-heal|p2a: Present Great Tusk|56/100|[from] item: Leftovers\n|upkeep\n|turn|11\n|\n|t:|1759352779\n|move|p1a: Ledigod|Close Combat|p2a: Present Great Tusk\n|-damage|p2a: Present Great Tusk|0 fnt\n|-unboost|p1a: Ledigod|def|1\n|-unboost|p1a: Ledigod|spd|1\n|faint|p2a: Present Great Tusk\n|\n|-sideend|p1: NottaDoc|move: Light Screen\n|upkeep\n|\n|t:|1759352790\n|switch|p2a: Decepticon|Celesteela, shiny|100/100\n|turn|12\n|\n|t:|1759352797\n|move|p1a: Ledigod|Close Combat|p2a: Decepticon\n|-damage|p2a: Decepticon|0 fnt\n|-unboost|p1a: Ledigod|def|1\n|-unboost|p1a: Ledigod|spd|1\n|faint|p2a: Decepticon\n|\n|-sideend|p1: NottaDoc|Reflect\n|upkeep\n|c|☆fiendishzealot|gg\n|\n|t:|1759352805\n|switch|p2a: 109th Soul|Plasmatomb, F, shiny|100/100\n|turn|13\n|\n|t:|1759352852\n|-terastallize|p1a: Ledigod|Flying\n|move|p1a: Ledigod|Acrobatics|p2a: 109th Soul\n|-damage|p2a: 109th Soul|31/100\n|move|p2a: 109th Soul|Psyshock|p1a: Ledigod\n|-damage|p1a: Ledigod|0 fnt\n|faint|p1a: Ledigod\n|\n|-heal|p2a: 109th Soul|37/100|[from] item: Leftovers\n|upkeep\n|c|~SparksTheNeo|rough\n|c|☆fiendishzealot|oh wow\n|c|~SparksTheNeo|wait what was the item\n|c|☆NottaDoc|i shoulda been no item but forgot to change\n|c|☆NottaDoc|it was lum\n|c|~SparksTheNeo|ah\n|\n|t:|1759352892\n|switch|p1a: Tapu Koko|Tapu Koko|38/100\n|-damage|p1a: Tapu Koko|26/100|[from] Stealth Rock\n|-fieldstart|move: Electric Terrain|[from] ability: Electric Surge|[of] p1a: Tapu Koko\n|turn|14\n|j| Bajram1892\n|c| Bajram1892|I’m sitting here thinking that was a mega this whole time. Only to see it Tera \n|\n|t:|1759352921\n|switch|p2a: Florence|Ogerpon-Wellspring, F|100/100\n|move|p1a: Tapu Koko|Dazzling Gleam|p2a: Florence\n|-damage|p2a: Florence|69/100\n|\n|upkeep\n|turn|15\n|\n|t:|1759352961\n|move|p1a: Tapu Koko|Volt Switch|p2a: Florence\n|-damage|p2a: Florence|31/100\n|\n|t:|1759352973\n|switch|p1a: Gholdengo|Gholdengo|100/100|[from] Volt Switch\n|-damage|p1a: Gholdengo|94/100|[from] Stealth Rock\n|move|p2a: Florence|Leech Seed|p1a: Gholdengo\n|-immune|p1a: Gholdengo|[from] ability: Good as Gold\n|\n|-heal|p1a: Gholdengo|100/100|[from] item: Leftovers\n|upkeep\n|turn|16\n|\n|t:|1759352995\n|move|p2a: Florence|Knock Off|p1a: Gholdengo\n|-supereffective|p1a: Gholdengo\n|-damage|p1a: Gholdengo|54/100\n|-enditem|p1a: Gholdengo|Leftovers|[from] move: Knock Off|[of] p2a: Florence\n|move|p1a: Gholdengo|Hex|p2a: Florence\n|-damage|p2a: Florence|3/100\n|\n|upkeep\n|turn|17\n|\n|t:|1759353005\n|move|p2a: Florence|Knock Off|p1a: Gholdengo\n|-supereffective|p1a: Gholdengo\n|-damage|p1a: Gholdengo|25/100\n|move|p1a: Gholdengo|Recover|p1a: Gholdengo\n|-heal|p1a: Gholdengo|75/100\n|\n|upkeep\n|turn|18\n|c|~SparksTheNeo|monka\n|\n|t:|1759353025\n|switch|p2a: 30 Mins|Rotom-Heat, shiny|100/100\n|move|p1a: Gholdengo|Thunder Wave|p2a: 30 Mins\n|-immune|p2a: 30 Mins\n|\n|-fieldend|move: Electric Terrain\n|upkeep\n|turn|19\n|\n|t:|1759353041\n|switch|p1a: Iron Drill|Iron Drill, F|100/100\n|-damage|p1a: Iron Drill|94/100|[from] Stealth Rock\n|move|p2a: 30 Mins|Volt Switch|p1a: Iron Drill\n|-resisted|p1a: Iron Drill\n|-damage|p1a: Iron Drill|76/100\n|c|~SparksTheNeo|that was one bold as hell switch\n|\n|t:|1759353058\n|switch|p2a: Florence|Ogerpon-Wellspring, F|3/100|[from] Volt Switch\n|\n|upkeep\n|turn|20\n|\n|t:|1759353066\n|move|p2a: Florence|Brick Break|p1a: Iron Drill\n|-supereffective|p1a: Iron Drill\n|-damage|p1a: Iron Drill|24/100\n|move|p1a: Iron Drill|Volt Switch|p2a: Florence\n|-damage|p2a: Florence|0 fnt\n|faint|p2a: Florence\n|\n|t:|1759353143\n|-end|p1a: Iron Drill|Quark Drive|[silent]\n|switch|p1a: Gholdengo|Gholdengo|75/100|[from] Volt Switch\n|-damage|p1a: Gholdengo|69/100|[from] Stealth Rock\n|\n|upkeep\n|\n|t:|1759353148\n|switch|p2a: 30 Mins|Rotom-Heat, shiny|100/100\n|turn|21\n|\n|t:|1759353163\n|move|p2a: 30 Mins|Overheat|p1a: Gholdengo\n|-supereffective|p1a: Gholdengo\n|-damage|p1a: Gholdengo|0 fnt\n|-unboost|p2a: 30 Mins|spa|2\n|faint|p1a: Gholdengo\n|\n|upkeep\n|\n|t:|1759353167\n|switch|p1a: Gyarados|Gyarados, M|100/100\n|-damage|p1a: Gyarados|76/100|[from] Stealth Rock\n|-ability|p1a: Gyarados|Intimidate|boost\n|-unboost|p2a: 30 Mins|atk|1\n|turn|22\n|\n|t:|1759353199\n|detailschange|p1a: Gyarados|Gyarados-Mega-Y, M\n|-mega|p1a: Gyarados|Gyarados|Gyaradosite Y\n|move|p2a: 30 Mins|Volt Switch|p1a: Gyarados\n|-damage|p1a: Gyarados|66/100\n|\n|t:|1759353204\n|switch|p2a: 109th Soul|Plasmatomb, F, shiny|37/100|[from] Volt Switch\n|move|p1a: Gyarados|Dragon Pulse|p2a: 109th Soul\n|-damage|p2a: 109th Soul|0 fnt\n|faint|p2a: 109th Soul\n|\n|upkeep\n|\n|t:|1759353211\n|switch|p2a: Obelisk|Queendra-Mega, M, shiny|100/100\n|turn|23\n|\n|t:|1759353222\n|switch|p1a: Iron Drill|Iron Drill, F|24/100\n|-damage|p1a: Iron Drill|18/100|[from] Stealth Rock\n|move|p2a: Obelisk|Freeze-Dry|p1a: Iron Drill\n|-damage|p1a: Iron Drill|0 fnt\n|faint|p1a: Iron Drill\n|-end|p1a: Iron Drill|Quark Drive|[silent]\n|\n|upkeep\n|\n|t:|1759353228\n|switch|p1a: Tapu Koko|Tapu Koko|26/100\n|-damage|p1a: Tapu Koko|13/100|[from] Stealth Rock\n|-fieldstart|move: Electric Terrain|[from] ability: Electric Surge|[of] p1a: Tapu Koko\n|turn|24\n|\n|t:|1759353253\n|move|p1a: Tapu Koko|Dazzling Gleam|p2a: Obelisk\n|-supereffective|p2a: Obelisk\n|-damage|p2a: Obelisk|22/100\n|move|p2a: Obelisk|Freeze-Dry|p1a: Tapu Koko\n|-damage|p1a: Tapu Koko|0 fnt\n|faint|p1a: Tapu Koko\n|\n|upkeep\n|c|☆fiendishzealot|ggs\n|c|☆NottaDoc|i played this so bad man gg\n|\n|t:|1759353262\n|switch|p1a: Gyarados|Gyarados-Mega-Y, M|66/100\n|-damage|p1a: Gyarados|54/100|[from] Stealth Rock\n|turn|25\n|c|☆fiendishzealot|I threw my steela away\n|c|☆NottaDoc|i cant believe i left lum\n|c|☆fiendishzealot|Didn't realise the damn bug got v dance\n|\n|t:|1759353283\n|move|p2a: Obelisk|Freeze-Dry|p1a: Gyarados\n|-supereffective|p1a: Gyarados\n|-damage|p1a: Gyarados|0 fnt\n|faint|p1a: Gyarados\n|detailschange|p1: Gyarados|Gyarados, M|[silent]\n|\n|win|fiendishzealot\n|l| liviifailure\n|l| Bajram1892\n","players":["NottaDoc","fiendishzealot"],"format":"[Gen 9] NatDex Draft","rating":null,"private":0,"password":null,"inputlog":">version db81bfd847a66319e0c3117831e2a72a6d4f7423\n>start {\"formatid\":\"gen9natdexdraft@@@Tera Type Preview\",\"seed\":\"sodium,6514a72c83676b3056fd6cb31006657c\"}\n>player p1 {\"name\":\"NottaDoc\",\"avatar\":\"2\",\"team\":\"Gholdengo||Leftovers|GoodasGold|MakeItRain,Hex,Recover,ThunderWave|Bold|252,,180,,76,|N|,0,,,,|||,,,,,Fighting]Iron Drill||ExpertBelt|QuarkDrive|RockSlide,SeedBomb,CloseCombat,VoltSwitch|Jolly|,252,,,,252|F||||,,,,,Dragon]Gyarados||GyaradositeY|Intimidate|HydroPump,ZapCannon,DragonPulse,Hurricane|Modest|200,,,252,,56|M|,0,,,,|||,,,,,Fairy]Tapu Koko||LightClay|ElectricSurge|Reflect,LightScreen,DazzlingGleam,VoltSwitch|Timid|,,,252,4,252|N|,0,,,,|||,,,,,Poison]Landorus|LandorusTherian|RockyHelmet|Intimidate|StealthRock,KnockOff,Earthquake,Uturn|Impish|252,,252,,,|M||||,,,,,Fire]Ledigod||LumBerry|IronFist|Acrobatics,VictoryDance,CloseCombat,MachPunch|Adamant|84,252,,,,172|F||||,,,,,Flying\",\"rating\":0}\n>player p2 {\"name\":\"fiendishzealot\",\"avatar\":\"102\",\"team\":\"Obelisk|Queendra|Queendrite|ClearBody|FreezeDry,DracoMeteor,SnipeShot,ShadowBall|Timid|24,,,252,,232|M|,0,,,,|S||,,,,,Ice]Decepticon|Celesteela|PowerHerb|BeastBoost|MeteorBeam,Acrobatics,Earthquake,Autotomize|Adamant|252,64,32,,,160|N||S||,,,,,Steel]109th Soul|Plasmatomb|Leftovers|Infiltrator|DarkPulse,CalmMind,Psyshock,TeraBlast|Modest|252,,124,132,,|F||S||,,,,,Water]Present Great Tusk|Donphan|Leftovers|Sturdy|RapidSpin,Earthquake,IceSpinner,StealthRock||252,140,108,,,8|M||S||,,,,,Ground]Florence|OgerponWellspring|WellspringMask|WaterAbsorb|SpikyShield,LeechSeed,BrickBreak,KnockOff|Jolly|252,32,,,,224|F||||,Poison,,,,Water]30 Mins|RotomHeat|HeavyDutyBoots|Levitate|Defog,VoltSwitch,Overheat,WillOWisp|Timid|252,,,16,,240|N|,0,,,,|S||,,,,,Electric\",\"rating\":0}\n>chat ☆NottaDoc|glhf\n>chat ☆fiendishzealot|u2\n>p1 team 3, 2, 1, 4, 5, 6\n>p2 team 6, 2, 3, 4, 5, 1\n>p1 switch 5\n>p2 move willowisp\n>p1 move stealthrock\n>p2 switch 6\n>p1 move uturn\n>p2 move freezedry mega\n>p1 switch 4\n>p1 move lightscreen\n>p2 switch 4\n>p1 move reflect\n>p2 move earthquake\n>p1 switch 6\n>p2 move stealthrock\n>p1 move victorydance\n>p2 move rapidspin\n>p1 move victorydance\n>p2 move icespinner\n>chat ~SparksTheNeo|Ledigod gaming\n>p1 move victorydance\n>p2 move icespinner\n>p1 move machpunch\n>p2 move icespinner\n>p1 move closecombat\n>p2 move icespinner\n>p2 switch 2\n>p1 move closecombat\n>p2 move meteorbeam\n>chat ☆fiendishzealot|gg\n>p2 switch 3\n>p1 move acrobatics terastallize\n>p2 move psyshock\n>chat ~SparksTheNeo|rough\n>chat ☆fiendishzealot|oh wow\n>chat ~SparksTheNeo|wait what was the item\n>chat ☆NottaDoc|i shoulda been no item but forgot to change\n>chat ☆NottaDoc|it was lum\n>chat ~SparksTheNeo|ah\n>p1 switch 6\n>chat  Bajram1892|I’m sitting here thinking that was a mega this whole time. Only to see it Tera \n>p1 move dazzlinggleam\n>p2 switch 5\n>p1 move voltswitch\n>p2 move leechseed\n>p1 switch 3\n>p1 move hex\n>p2 move knockoff\n>p1 move recover\n>p2 move knockoff\n>chat ~SparksTheNeo|monka\n>p1 move thunderwave\n>p2 switch 6\n>p1 switch 2\n>p2 move voltswitch\n>chat ~SparksTheNeo|that was one bold as hell switch\n>p2 switch 6\n>p1 move voltswitch\n>p2 move brickbreak\n>p1 switch 2\n>p2 switch 6\n>p1 move recover\n>p2 move overheat\n>p1 switch 5\n>p1 move dragonpulse mega\n>p2 move voltswitch\n>p2 switch 5\n>p2 switch 4\n>p1 switch 2\n>p2 move freezedry\n>p1 switch 3\n>p1 move dazzlinggleam\n>p2 move freezedry\n>chat ☆fiendishzealot|ggs\n>chat ☆NottaDoc|i played this so bad man gg\n>p1 switch 2\n>chat ☆fiendishzealot|I threw my steela away\n>chat ☆NottaDoc|i cant believe i left lum\n>chat ☆fiendishzealot|Didn't realise the damn bug got v dance\n>p1 move dragonpulse\n>p2 move freezedry","uploadtime":1759353303}