{"id":"gen9natdexdraft-309","log":"|j|☆CretaceousDraconid\n|j|☆Bigg Lad\n|t:|1762764055\n|gametype|singles\n|player|p1|CretaceousDraconid|zinnia-masters|\n|player|p2|Bigg Lad|169|\n|gen|9\n|tier|[Gen 9] NatDex Draft\n|rule|Sleep Clause Mod: Limit one foe put to sleep\n|rule|OHKO Clause: OHKO moves are banned\n|rule|Evasion Clause: Evasion abilities, items, and moves are banned\n|rule|Evasion Abilities Clause: Evasion abilities are banned\n|rule|Evasion Items Clause: Evasion items are banned\n|rule|Evasion Moves Clause: Evasion moves are banned\n|rule|Endless Battle Clause: Forcing endless battles is banned\n|rule|HP Percentage Mod: HP is shown in percentages\n|clearpoke\n|poke|p1|Big Trungus, M|\n|poke|p1|Amoonguss, M|\n|poke|p1|Soaring Halo, M|\n|poke|p1|Sceptile-Prime, F|\n|poke|p1|Alomomola, M|\n|poke|p1|Gloomhorn, M|\n|poke|p2|Walking Wake|\n|poke|p2|Koraidon|\n|poke|p2|Great Tusk|\n|poke|p2|Amoonguss, F|\n|poke|p2|Howling Flare, F|\n|poke|p2|Razor Spine, M|\n|teampreview\n|\n|t:|1762764065\n|teamsize|p1|6\n|teamsize|p2|6\n|start\n|switch|p1a: Gloomhorn|Gloomhorn, M|100/100\n|switch|p2a: cretaceousdraconid|Razor Spine, M|100/100\n|turn|1\n|\n|t:|1762764073\n|move|p2a: cretaceousdraconid|Shed Tail|p2a: cretaceousdraconid\n|-start|p2a: cretaceousdraconid|Substitute|[from] move: Shed Tail\n|-damage|p2a: cretaceousdraconid|50/100\n|-enditem|p2a: cretaceousdraconid|Sitrus Berry|[eat]\n|-heal|p2a: cretaceousdraconid|75/100|[from] item: Sitrus Berry\n|\n|t:|1762764081\n|-end|p2a: cretaceousdraconid|Protosynthesis|[silent]\n|switch|p2a: Eli's bike|Koraidon|100/100|[from] Shed Tail\n|-weather|SunnyDay|[from] ability: Orichalcum Pulse|[of] p2a: Eli's bike\n|-activate|p2a: Eli's bike|Orichalcum Pulse|[source]\n|move|p1a: Gloomhorn|Knock Off|p2a: Eli's bike\n|-resisted|p2a: Eli's bike\n|-activate|p2a: Eli's bike|move: Substitute|[damage]\n|\n|-weather|SunnyDay|[upkeep]\n|-status|p1a: Gloomhorn|tox|[from] item: Toxic Orb\n|upkeep\n|turn|2\n|\n|t:|1762764089\n|move|p2a: Eli's bike|Swords Dance|p2a: Eli's bike\n|-boost|p2a: Eli's bike|atk|2\n|move|p1a: Gloomhorn|U-turn|p2a: Eli's bike\n|-resisted|p2a: Eli's bike\n|-end|p2a: Eli's bike|Substitute\n|\n|t:|1762764104\n|switch|p1a: Alomomola|Alomomola, M|100/100|[from] U-turn\n|\n|-weather|SunnyDay|[upkeep]\n|upkeep\n|turn|3\n|\n|t:|1762764125\n|move|p2a: Eli's bike|Swords Dance|p2a: Eli's bike\n|-boost|p2a: Eli's bike|atk|2\n|move|p1a: Alomomola|Toxic|p2a: Eli's bike\n|-status|p2a: Eli's bike|tox\n|\n|-weather|SunnyDay|[upkeep]\n|-damage|p2a: Eli's bike|94/100 tox|[from] psn\n|upkeep\n|turn|4\n|\n|t:|1762764134\n|move|p1a: Alomomola|Protect|p1a: Alomomola\n|-singleturn|p1a: Alomomola|Protect\n|move|p2a: Eli's bike|Scale Shot|p1a: Alomomola\n|-activate|p1a: Alomomola|move: Protect\n|\n|-weather|SunnyDay|[upkeep]\n|-damage|p2a: Eli's bike|82/100 tox|[from] psn\n|upkeep\n|turn|5\n|\n|t:|1762764147\n|switch|p1a: Amoonguss|Amoonguss, M|100/100\n|move|p2a: Eli's bike|Scale Shot|p1a: Amoonguss\n|-damage|p1a: Amoonguss|55/100\n|-damage|p1a: Amoonguss|11/100\n|-damage|p1a: Amoonguss|0 fnt\n|faint|p1a: Amoonguss\n|-hitcount|p1: Amoonguss|3\n|-unboost|p2a: Eli's bike|def|1\n|-boost|p2a: Eli's bike|spe|1\n|\n|-weather|none\n|-damage|p2a: Eli's bike|64/100 tox|[from] psn\n|upkeep\n|\n|t:|1762764158\n|switch|p1a: Alomomola|Alomomola, M|100/100\n|turn|6\n|\n|t:|1762764162\n|switch|p2a: RFK sr|Amoonguss, F|100/100\n|move|p1a: Alomomola|Flip Turn|p2a: RFK sr\n|-resisted|p2a: RFK sr\n|-damage|p2a: RFK sr|94/100\n|\n|t:|1762764172\n|switch|p1a: Sceptile-Prime|Sceptile-Prime, F|100/100|[from] Flip Turn\n|\n|upkeep\n|turn|7\n|\n|t:|1762764177\n|detailschange|p2a: RFK sr|Amoonguss-Mega, F\n|-mega|p2a: RFK sr|Amoonguss|Vent\n|move|p1a: Sceptile-Prime|Shed Tail|p1a: Sceptile-Prime\n|-start|p1a: Sceptile-Prime|Substitute|[from] move: Shed Tail\n|-damage|p1a: Sceptile-Prime|50/100\n|-enditem|p1a: Sceptile-Prime|Sitrus Berry|[eat]\n|-heal|p1a: Sceptile-Prime|75/100|[from] item: Sitrus Berry\n|\n|t:|1762764181\n|switch|p1a: Soaring Halo|Soaring Halo, M|100/100|[from] Shed Tail\n|-enditem|p1a: Soaring Halo|Booster Energy\n|-activate|p1a: Soaring Halo|ability: Protosynthesis|[fromitem]\n|-start|p1a: Soaring Halo|protosynthesisatk\n|move|p2a: RFK sr|Sludge Bomb|p1a: Soaring Halo\n|-resisted|p1a: Soaring Halo\n|-activate|p1a: Soaring Halo|move: Substitute|[damage]\n|\n|upkeep\n|turn|8\n|\n|t:|1762764190\n|move|p1a: Soaring Halo|Swords Dance|p1a: Soaring Halo\n|-boost|p1a: Soaring Halo|atk|2\n|move|p2a: RFK sr|Giga Drain|p1a: Soaring Halo\n|-end|p1a: Soaring Halo|Substitute\n|-heal|p2a: RFK sr|95/100|[from] drain|[of] p1a: Soaring Halo\n|\n|upkeep\n|turn|9\n|\n|t:|1762764203\n|move|p1a: Soaring Halo|Stone Edge|p2a: RFK sr|[miss]\n|-miss|p1a: Soaring Halo|p2a: RFK sr\n|move|p2a: RFK sr|Spore|p1a: Soaring Halo\n|-status|p1a: Soaring Halo|slp|[from] move: Spore\n|\n|upkeep\n|turn|10\n|\n|t:|1762764206\n|cant|p1a: Soaring Halo|slp\n|move|p2a: RFK sr|Clear Smog|p1a: Soaring Halo\n|-resisted|p1a: Soaring Halo\n|-damage|p1a: Soaring Halo|90/100 slp\n|-clearboost|p1a: Soaring Halo\n|\n|upkeep\n|turn|11\n|\n|t:|1762764211\n|-curestatus|p1a: Soaring Halo|slp|[msg]\n|move|p1a: Soaring Halo|Scale Shot|p2a: RFK sr\n|-damage|p2a: RFK sr|83/100\n|-damage|p2a: RFK sr|71/100\n|-crit|p2a: RFK sr\n|-damage|p2a: RFK sr|52/100\n|-hitcount|p2a: RFK sr|3\n|-unboost|p1a: Soaring Halo|def|1\n|-boost|p1a: Soaring Halo|spe|1\n|move|p2a: RFK sr|Giga Drain|p1a: Soaring Halo\n|-damage|p1a: Soaring Halo|54/100\n|-heal|p2a: RFK sr|66/100|[from] drain|[of] p1a: Soaring Halo\n|\n|upkeep\n|turn|12\n|\n|t:|1762764223\n|move|p1a: Soaring Halo|Swords Dance|p1a: Soaring Halo\n|-boost|p1a: Soaring Halo|atk|2\n|move|p2a: RFK sr|Spore|p1a: Soaring Halo\n|-status|p1a: Soaring Halo|slp|[from] move: Spore\n|\n|upkeep\n|turn|13\n|\n|t:|1762764226\n|cant|p1a: Soaring Halo|slp\n|move|p2a: RFK sr|Giga Drain|p1a: Soaring Halo\n|-damage|p1a: Soaring Halo|17/100 slp\n|-heal|p2a: RFK sr|80/100|[from] drain|[of] p1a: Soaring Halo\n|\n|upkeep\n|turn|14\n|\n|t:|1762764229\n|-curestatus|p1a: Soaring Halo|slp|[msg]\n|move|p1a: Soaring Halo|Stone Edge|p2a: RFK sr\n|-damage|p2a: RFK sr|0 fnt\n|faint|p2a: RFK sr\n|detailschange|p2: RFK sr|Amoonguss, F|[silent]\n|\n|upkeep\n|\n|t:|1762764240\n|switch|p2a: Eli's bike|Koraidon|64/100 tox\n|-weather|SunnyDay|[from] ability: Orichalcum Pulse|[of] p2a: Eli's bike\n|-activate|p2a: Eli's bike|Orichalcum Pulse|[source]\n|turn|15\n|\n|t:|1762764243\n|switch|p2a: the wheel|Great Tusk|100/100\n|-activate|p2a: the wheel|ability: Protosynthesis\n|-start|p2a: the wheel|protosynthesisspe\n|move|p1a: Soaring Halo|Scale Shot|p2a: the wheel\n|-damage|p2a: the wheel|73/100\n|-damage|p2a: the wheel|46/100\n|-damage|p2a: the wheel|21/100\n|-damage|p2a: the wheel|0 fnt\n|faint|p2a: the wheel\n|-end|p2a: the wheel|Protosynthesis|[silent]\n|-hitcount|p2: the wheel|4\n|-unboost|p1a: Soaring Halo|def|1\n|-boost|p1a: Soaring Halo|spe|1\n|\n|-weather|SunnyDay|[upkeep]\n|upkeep\n|\n|t:|1762764250\n|switch|p2a: cretaceousdraconid|Razor Spine, M|75/100\n|-activate|p2a: cretaceousdraconid|ability: Protosynthesis\n|-start|p2a: cretaceousdraconid|protosynthesisspe\n|turn|16\n|\n|t:|1762764255\n|move|p1a: Soaring Halo|Earthquake|p2a: cretaceousdraconid\n|-supereffective|p2a: cretaceousdraconid\n|-damage|p2a: cretaceousdraconid|0 fnt\n|faint|p2a: cretaceousdraconid\n|-end|p2a: cretaceousdraconid|Protosynthesis|[silent]\n|\n|-weather|SunnyDay|[upkeep]\n|upkeep\n|\n|t:|1762764257\n|switch|p2a: NOT a dinosaur|Howling Flare, F|100/100\n|-activate|p2a: NOT a dinosaur|ability: Protosynthesis\n|-start|p2a: NOT a dinosaur|protosynthesisatk\n|turn|17\n|\n|t:|1762764265\n|move|p1a: Soaring Halo|Stone Edge|p2a: NOT a dinosaur\n|-damage|p2a: NOT a dinosaur|0 fnt\n|faint|p2a: NOT a dinosaur\n|-end|p2a: NOT a dinosaur|Protosynthesis|[silent]\n|\n|-weather|SunnyDay|[upkeep]\n|upkeep\n|\n|t:|1762764267\n|switch|p2a: Waltuh Wake|Walking Wake|100/100\n|-activate|p2a: Waltuh Wake|ability: Protosynthesis\n|-start|p2a: Waltuh Wake|protosynthesisspe\n|turn|18\n|\n|t:|1762764272\n|-terastallize|p2a: Waltuh Wake|Steel\n|move|p1a: Soaring Halo|Earthquake|p2a: Waltuh Wake\n|-supereffective|p2a: Waltuh Wake\n|-damage|p2a: Waltuh Wake|0 fnt\n|faint|p2a: Waltuh Wake\n|-end|p2a: Waltuh Wake|Protosynthesis|[silent]\n|\n|-weather|SunnyDay|[upkeep]\n|upkeep\n|\n|t:|1762764275\n|switch|p2a: Eli's bike|Koraidon|64/100 tox\n|-activate|p2a: Eli's bike|ability: Orichalcum Pulse\n|turn|19\n|\n|t:|1762764279\n|move|p1a: Soaring Halo|Earthquake|p2a: Eli's bike\n|-crit|p2a: Eli's bike\n|-damage|p2a: Eli's bike|0 fnt\n|faint|p2a: Eli's bike\n|\n|win|CretaceousDraconid\n","players":["CretaceousDraconid","Bigg Lad"],"format":"[Gen 9] NatDex Draft","rating":null,"private":0,"password":null,"inputlog":">version 2697b58cf18bf763fee04479016b49a8a51a3258\n>start {\"formatid\":\"gen9natdexdraft\",\"seed\":\"sodium,ea7fcad0ecbb5d726afcdf838ed9130f\"}\n>player p1 {\"name\":\"CretaceousDraconid\",\"avatar\":\"zinnia-masters\",\"team\":\"Big Trungus||Leftovers|AncientTrungnology|NoRetreat,ExtremeSpeed,EarthPower,FrostBreath|Quiet|252,4,,252,,|M||||,,,,,Water]Amoonguss||Vent|EffectSpore|GigaDrain,Spore,SludgeBomb,ClearSmog|Bold|252,,136,112,8,|M|,0,,,,|||,,,,,Grass]Soaring Halo||BoosterEnergy|Protosynthesis|StoneEdge,ScaleShot,Earthquake,SwordsDance|Jolly|,252,,,4,252|M||||,,,,,Ghost]Sceptile-Prime||SitrusBerry|TintedLens|Flamethrower,ShedTail,SeedFlare,CoreEnforcer|Timid|,,,252,4,252|F|,0,,,,|||,,,,,Dark]Alomomola||HeavyDutyBoots|Regenerator|FlipTurn,Wish,Toxic,Protect|Relaxed|252,,252,,4,|M|,,,,,0|||,,,,,Water]Gloomhorn||ToxicOrb|PoisonHeal|KnockOff,WillOWisp,Protect,Uturn|Impish|252,4,244,,8,|M||||,,,,,Fairy\",\"rating\":0}\n>player p2 {\"name\":\"Bigg Lad\",\"avatar\":\"169\",\"team\":\"Waltuh Wake|WalkingWake|LifeOrb|Protosynthesis|HydroSteam,Flamethrower,DracoMeteor,TeraBlast|Timid|8,,,244,4,252|N||||,,,,,Steel]Eli's bike|Koraidon|LoadedDice|OrichalcumPulse|SwordsDance,FlareBlitz,ScaleShot,CloseCombat|Jolly|,252,,,4,252|N||||,Ghost,,,,Fire]the wheel|GreatTusk|Leftovers|Protosynthesis|HeadlongRush,CloseCombat,StealthRock,RapidSpin|Jolly|252,,,,4,252|N||||,Fighting,,,,Steel]RFK sr|Amoonguss|Vent|Regenerator|Spore,SludgeBomb,GigaDrain,ClearSmog|Bold|252,,156,,100,|F|,0,,,,|||,,,,,Water]NOT a dinosaur|HowlingFlare|ChoiceBand|Protosynthesis|SolarBlade,CloseCombat,ShadowClaw,BraveBird|Adamant|52,252,,,4,200|F||||,,,,,Water]cretaceousdraconid|RazorSpine|SitrusBerry|Protosynthesis|Spikes,RapidSpin,ShedTail,ShadowBall|Timid|252,,,4,,252|M||||,,,,,Water\",\"rating\":0}\n>p1 team 6, 2, 3, 4, 5, 1\n>p2 team 6, 2, 3, 4, 5, 1\n>p1 move knockoff\n>p2 move shedtail\n>p2 switch 2\n>p1 move uturn\n>p2 move swordsdance\n>p1 switch 5\n>p1 move toxic\n>p2 move swordsdance\n>p1 move protect\n>p2 move scaleshot\n>p1 switch 2\n>p2 move scaleshot\n>p1 switch 2\n>p1 move flipturn\n>p2 switch 4\n>p1 switch 4\n>p1 move shedtail\n>p2 move sludgebomb mega\n>p1 switch 3\n>p1 move swordsdance\n>p2 move gigadrain\n>p1 move stoneedge\n>p2 move spore\n>p1 move stoneedge\n>p2 move clearsmog\n>p1 move scaleshot\n>p2 move gigadrain\n>p1 move swordsdance\n>p2 move spore\n>p1 move stoneedge\n>p2 move gigadrain\n>p1 move stoneedge\n>p2 move gigadrain\n>p2 switch 4\n>p1 move scaleshot\n>p2 switch 3\n>p2 switch 2\n>p1 move earthquake\n>p2 move shadowball\n>p2 switch 5\n>p1 move stoneedge\n>p2 move shadowclaw\n>p2 switch 6\n>p1 move earthquake\n>p2 move hydrosteam terastallize\n>p2 switch 3\n>p1 move earthquake\n>p2 move scaleshot","uploadtime":1762764292}