{"id":"gen9natdexdraft-159","log":"|j|☆Ark 64\n|j|☆skipprthepenguin\n|t:|1765749440\n|gametype|singles\n|player|p1|Ark 64|170|\n|player|p2|skipprthepenguin|1|\n|gen|9\n|tier|[Gen 9] NatDex Draft\n|rule|Tera Type Preview: Tera Types are shown at Team Preview\n|rule|Sleep Clause Mod: Limit one foe put to sleep\n|rule|OHKO Clause: OHKO moves are banned\n|rule|Evasion Clause: Evasion abilities, items, and moves are banned\n|rule|Evasion Abilities Clause: Evasion abilities are banned\n|rule|Evasion Items Clause: Evasion items are banned\n|rule|Evasion Moves Clause: Evasion moves are banned\n|rule|Endless Battle Clause: Forcing endless battles is banned\n|rule|HP Percentage Mod: HP is shown in percentages\n|raw|<div class=\"infobox\"><details class=\"readmore\" open><summary><strong>1 custom rule:</strong></summary> Tera Type Preview</details></div>\n|clearpoke\n|poke|p1|Tapu Koko|\n|poke|p1|Iron Bundle|\n|poke|p1|Centiskorch, F|\n|poke|p1|Runerigus, M|\n|poke|p1|Iron Jugulis|\n|poke|p1|Iron Treads|\n|poke|p2|Chien-Pao|\n|poke|p2|Iron Valiant|\n|poke|p2|Paleogeist, F|\n|poke|p2|Chesnaught, M|\n|poke|p2|Pecharunt|\n|poke|p2|Mamoswine, M|\n|raw|Ark 64's Tera Types:<br /><psicon pokemon=\"tapukoko\" /><psicon type=\"Electric\" /> / <psicon pokemon=\"ironbundle\" /><psicon type=\"Ice\" /> / <psicon pokemon=\"centiskorch\" /><psicon type=\"Fire\" /> / <psicon pokemon=\"runerigus\" /><psicon type=\"Ground\" /> / <psicon pokemon=\"ironjugulis\" /><psicon type=\"Dark\" /> / <psicon pokemon=\"irontreads\" /><psicon type=\"Ghost\" />\n|raw|skipprthepenguin's Tera Types:<br /><psicon pokemon=\"chienpao\" /><psicon type=\"Dark\" /> / <psicon pokemon=\"ironvaliant\" /><psicon type=\"Fairy\" /> / <psicon pokemon=\"paleogeist\" /><psicon type=\"Ghost\" /> / <psicon pokemon=\"chesnaught\" /><psicon type=\"Grass\" /> / <psicon pokemon=\"pecharunt\" /><psicon type=\"Poison\" /> / <psicon pokemon=\"mamoswine\" /><psicon type=\"Ice\" />\n|teampreview\n|c|☆skipprthepenguin|Glhf\n|\n|t:|1765749464\n|teamsize|p1|6\n|teamsize|p2|6\n|start\n|switch|p1a: Iron Bundle|Iron Bundle|100/100\n|switch|p2a: Mamoswine|Mamoswine, M|100/100\n|turn|1\n|\n|t:|1765749477\n|move|p1a: Iron Bundle|Hydro Pump|p2a: Mamoswine\n|-supereffective|p2a: Mamoswine\n|-damage|p2a: Mamoswine|0 fnt\n|faint|p2a: Mamoswine\n|\n|upkeep\n|\n|t:|1765749484\n|switch|p2a: Chesnaught|Chesnaught, M|100/100\n|turn|2\n|\n|t:|1765749493\n|-end|p1a: Iron Bundle|Quark Drive|[silent]\n|switch|p1a: Centiskorch|Centiskorch, F|100/100\n|detailschange|p2a: Chesnaught|Chesnaught-Mega, M\n|-mega|p2a: Chesnaught|Chesnaught|Chesnaughtite\n|move|p2a: Chesnaught|Wood Hammer|p1a: Centiskorch\n|-resisted|p1a: Centiskorch\n|-damage|p1a: Centiskorch|89/100\n|-status|p2a: Chesnaught|brn|[from] ability: Flame Body|[of] p1a: Centiskorch\n|-damage|p2a: Chesnaught|96/100 brn|[from] Recoil\n|\n|-damage|p2a: Chesnaught|90/100 brn|[from] brn\n|upkeep\n|turn|3\n|\n|t:|1765749511\n|switch|p2a: Pecharunt|Pecharunt|100/100\n|move|p1a: Centiskorch|Fire Lash|p2a: Pecharunt\n|-damage|p2a: Pecharunt|85/100\n|-unboost|p2a: Pecharunt|def|1\n|\n|-heal|p2a: Pecharunt|92/100|[from] item: Leftovers\n|upkeep\n|turn|4\n|j| umbreonreallysucks\n|\n|t:|1765749519\n|switch|p1a: Iron Jugulis|Iron Jugulis|100/100\n|move|p2a: Pecharunt|Malignant Chain|p1a: Iron Jugulis\n|-damage|p1a: Iron Jugulis|59/100\n|\n|-heal|p2a: Pecharunt|98/100|[from] item: Leftovers\n|upkeep\n|turn|5\n|\n|t:|1765749523\n|move|p1a: Iron Jugulis|Dark Pulse|p2a: Pecharunt\n|-supereffective|p2a: Pecharunt\n|-damage|p2a: Pecharunt|15/100\n|move|p2a: Pecharunt|Malignant Chain|p1a: Iron Jugulis\n|-damage|p1a: Iron Jugulis|18/100\n|-status|p1a: Iron Jugulis|tox\n|-start|p1a: Iron Jugulis|confusion|[from] ability: Poison Puppeteer|[of] p2a: Pecharunt\n|\n|-heal|p2a: Pecharunt|21/100|[from] item: Leftovers\n|-damage|p1a: Iron Jugulis|12/100 tox|[from] psn\n|upkeep\n|turn|6\n|\n|t:|1765749532\n|-activate|p1a: Iron Jugulis|confusion\n|move|p1a: Iron Jugulis|Dark Pulse|p2a: Pecharunt\n|-supereffective|p2a: Pecharunt\n|-damage|p2a: Pecharunt|0 fnt\n|faint|p2a: Pecharunt\n|\n|-damage|p1a: Iron Jugulis|0 fnt|[from] psn\n|faint|p1a: Iron Jugulis\n|-end|p1a: Iron Jugulis|Quark Drive|[silent]\n|upkeep\n|\n|t:|1765749541\n|switch|p1a: Iron Bundle|Iron Bundle|100/100\n|switch|p2a: Paleogeist|Paleogeist, F|100/100\n|turn|7\n|\n|t:|1765749546\n|-terastallize|p2a: Paleogeist|Ghost\n|move|p1a: Iron Bundle|Hydro Pump|p2a: Paleogeist|[miss]\n|-miss|p1a: Iron Bundle|p2a: Paleogeist\n|-ability|p2a: Paleogeist|Sheer Willpower\n|-message|Paleogeist's Phantom Force hits instantly!\n|move|p2a: Paleogeist|Phantom Force||[still]\n|-prepare|p2a: Paleogeist|Phantom Force\n|-anim|p2a: Paleogeist|Phantom Force|p1a: Iron Bundle\n|-damage|p1a: Iron Bundle|20/100\n|\n|upkeep\n|turn|8\n|\n|t:|1765749558\n|-end|p1a: Iron Bundle|Quark Drive|[silent]\n|switch|p1a: Centiskorch|Centiskorch, F|89/100\n|switch|p2a: Chesnaught|Chesnaught-Mega, M|90/100 brn\n|\n|-damage|p2a: Chesnaught|84/100 brn|[from] brn\n|upkeep\n|turn|9\n|j|~SparksTheNeo\n|\n|t:|1765749579\n|move|p2a: Chesnaught|Body Press|p1a: Centiskorch\n|-resisted|p1a: Centiskorch\n|-damage|p1a: Centiskorch|81/100\n|move|p1a: Centiskorch|Fire Lash|p2a: Chesnaught\n|-supereffective|p2a: Chesnaught\n|-damage|p2a: Chesnaught|14/100 brn\n|-unboost|p2a: Chesnaught|def|1\n|\n|-damage|p2a: Chesnaught|8/100 brn|[from] brn\n|upkeep\n|turn|10\n|\n|t:|1765749591\n|move|p2a: Chesnaught|Wood Hammer|p1a: Centiskorch\n|-resisted|p1a: Centiskorch\n|-damage|p1a: Centiskorch|76/100\n|-damage|p2a: Chesnaught|6/100 brn|[from] Recoil\n|move|p1a: Centiskorch|Leech Life|p2a: Chesnaught\n|-damage|p2a: Chesnaught|0 fnt\n|-heal|p1a: Centiskorch|79/100|[from] drain|[of] p2a: Chesnaught\n|faint|p2a: Chesnaught\n|detailschange|p2: Chesnaught|Chesnaught, M|[silent]\n|\n|upkeep\n|\n|t:|1765749594\n|switch|p2a: Paleogeist|Paleogeist, F, tera:Ghost|100/100\n|turn|11\n|\n|t:|1765749601\n|move|p1a: Centiskorch|Knock Off|p2a: Paleogeist\n|-supereffective|p2a: Paleogeist\n|-damage|p2a: Paleogeist|67/100\n|-enditem|p2a: Paleogeist|Leftovers|[from] move: Knock Off|[of] p1a: Centiskorch\n|move|p2a: Paleogeist|Rock Wrecker|p1a: Centiskorch\n|-supereffective|p1a: Centiskorch\n|-damage|p1a: Centiskorch|0 fnt\n|faint|p1a: Centiskorch\n|\n|upkeep\n|\n|t:|1765749606\n|switch|p1a: Tapu Koko|Tapu Koko|100/100\n|-fieldstart|move: Electric Terrain|[from] ability: Electric Surge|[of] p1a: Tapu Koko\n|turn|12\n|\n|t:|1765749614\n|move|p1a: Tapu Koko|Thunderbolt|p2a: Paleogeist\n|-damage|p2a: Paleogeist|11/100\n|-status|p2a: Paleogeist|par\n|move|p2a: Paleogeist|Slack Off|p2a: Paleogeist\n|-heal|p2a: Paleogeist|61/100 par\n|\n|upkeep\n|turn|13\n|c|~SparksTheNeo|67\n|\n|t:|1765749619\n|-terastallize|p1a: Tapu Koko|Electric\n|move|p1a: Tapu Koko|Thunderbolt|p2a: Paleogeist\n|-damage|p2a: Paleogeist|0 fnt\n|faint|p2a: Paleogeist\n|\n|upkeep\n|\n|t:|1765749624\n|switch|p2a: Chien-Pao|Chien-Pao|100/100\n|-ability|p2a: Chien-Pao|Sword of Ruin\n|turn|14\n|\n|t:|1765749632\n|move|p2a: Chien-Pao|Crunch|p1a: Tapu Koko\n|-damage|p1a: Tapu Koko|15/100\n|move|p1a: Tapu Koko|Thunderbolt|p2a: Chien-Pao\n|-damage|p2a: Chien-Pao|0 fnt\n|faint|p2a: Chien-Pao\n|\n|upkeep\n|j| The_Shawdoin\n|\n|t:|1765749638\n|switch|p2a: Iron Valiant|Iron Valiant|100/100\n|-activate|p2a: Iron Valiant|ability: Quark Drive\n|-start|p2a: Iron Valiant|quarkdrivespe\n|turn|15\n|\n|t:|1765749650\n|move|p2a: Iron Valiant|Shadow Ball|p1a: Tapu Koko\n|-damage|p1a: Tapu Koko|0 fnt\n|faint|p1a: Tapu Koko\n|\n|upkeep\n|\n|t:|1765749653\n|switch|p1a: Runerigus|Runerigus, M|100/100\n|turn|16\n|\n|t:|1765749660\n|detailschange|p1a: Runerigus|Runerigus-Mega, M\n|-mega|p1a: Runerigus|Runerigus|Runerigusite\n|-ability|p1a: Runerigus|Tablets of Ruin\n|move|p2a: Iron Valiant|Shadow Ball|p1a: Runerigus\n|-supereffective|p1a: Runerigus\n|-damage|p1a: Runerigus|47/100\n|-unboost|p1a: Runerigus|spd|1\n|move|p1a: Runerigus|Earthquake|p2a: Iron Valiant\n|-damage|p2a: Iron Valiant|48/100\n|\n|-fieldend|move: Electric Terrain\n|-end|p2a: Iron Valiant|Quark Drive\n|upkeep\n|turn|17\n|\n|t:|1765749672\n|move|p2a: Iron Valiant|Shadow Ball|p1a: Runerigus\n|-supereffective|p1a: Runerigus\n|-damage|p1a: Runerigus|0 fnt\n|faint|p1a: Runerigus\n|detailschange|p1: Runerigus|Runerigus, M|[silent]\n|\n|upkeep\n|\n|t:|1765749673\n|switch|p1a: Iron Bundle|Iron Bundle|20/100\n|turn|18\n|\n|t:|1765749676\n|move|p1a: Iron Bundle|Ice Beam|p2a: Iron Valiant\n|-damage|p2a: Iron Valiant|0 fnt\n|faint|p2a: Iron Valiant\n|-end|p2a: Iron Valiant|Quark Drive|[silent]\n|\n|win|Ark 64\n|c|☆Ark 64|Gg\n","players":["Ark 64","skipprthepenguin"],"format":"[Gen 9] NatDex Draft","rating":null,"private":0,"password":null,"inputlog":">version 5be251e737a9732efaea60679884b283782d8959\n>start {\"formatid\":\"gen9natdexdraft@@@Tera Type Preview\",\"seed\":\"sodium,5f7c17c0de9a43675459ff312da2154f\"}\n>player p1 {\"name\":\"Ark 64\",\"avatar\":\"170\",\"team\":\"Tapu Koko||ChoiceSpecs|ElectricSurge|HiddenPowerFire,VoltSwitch,Thunderbolt,DazzlingGleam|Timid|,,,252,4,252|N|,0,,,,|||,Fire,,,,Electric]Iron Bundle||ChoiceSpecs|QuarkDrive|FlipTurn,HydroPump,IceBeam,FreezeDry|Timid|,,,252,4,252|N||||,,,,,Ice]Centiskorch||HeavyDutyBoots|FlameBody|WillOWisp,LeechLife,FireLash,KnockOff|Impish|252,,252,,4,|F||||,,,,,Fire]Runerigus||Runerigusite|WanderingSpirit|BodyPress,Earthquake,Poltergeist,WillOWisp|Careful|252,4,,,252,|M||||,,,,,Ground]Iron Jugulis||ChoiceScarf|QuarkDrive|DarkPulse,Hurricane,Uturn,Flamethrower|Timid|,,,252,16,240|N||||,,,,,Dark]Iron Treads||HeavyDutyBoots|QuarkDrive|RapidSpin,Earthquake,KnockOff,StealthRock|Jolly|200,,144,,,156|N||||,,,,,Ghost\",\"rating\":0}\n>player p2 {\"name\":\"skipprthepenguin\",\"avatar\":\"1\",\"team\":\"Chien-Pao||BlackGlasses|SwordofRuin|IceSpinner,Crunch,SuckerPunch,PsychicFangs|Jolly|,252,,,40,216|N||||,,,,,Dark]Iron Valiant||ChoiceSpecs|QuarkDrive|Moonblast,AuraSphere,ShadowBall,VacuumWave|Timid|48,,,252,,208|N|,0,,,,|||,,,,,Fairy]Paleogeist||Leftovers|SheerWillpower|RockWrecker,PhantomForce,SlackOff,WillOWisp|Adamant|248,252,,,8,|F||||,,,,,Ghost]Chesnaught||Chesnaughtite|Bulletproof|IronDefense,BodyPress,Synthesis,WoodHammer|Careful|252,,4,,252,|M||||,,,,,Grass]Pecharunt||Leftovers|PoisonPuppeteer|MalignantChain,ShadowBall,Recover,PartingShot|Bold|252,,252,4,,|N|,0,,,,|||,,,,,Poison]Mamoswine||AssaultVest|ThickFat|IcicleCrash,Earthquake,IceShard,KnockOff|Adamant|160,252,,,96,|M||||,,,,,Ice\",\"rating\":0}\n>chat ☆skipprthepenguin|Glhf\n>p1 team 2, 1, 3, 4, 5, 6\n>p2 team 6, 2, 3, 4, 5, 1\n>p1 move hydropump\n>p2 move earthquake\n>p2 switch 4\n>p1 switch 3\n>p2 move woodhammer mega\n>p1 move firelash\n>p2 switch 5\n>p1 switch 5\n>p2 move malignantchain\n>p1 move darkpulse\n>p2 move malignantchain\n>p1 move darkpulse\n>p2 move recover\n>p1 switch 3\n>p2 switch 3\n>p1 move hydropump\n>p2 move phantomforce terastallize\n>p1 switch 5\n>p2 switch 5\n>p1 move firelash\n>p2 move bodypress\n>p1 move leechlife\n>p2 move woodhammer\n>p2 switch 5\n>p1 move knockoff\n>p2 move rockwrecker\n>p1 switch 2\n>p1 move thunderbolt\n>p2 move slackoff\n>chat ~SparksTheNeo|67\n>p1 move thunderbolt terastallize\n>p2 move slackoff\n>p2 switch 6\n>p1 move thunderbolt\n>p2 move crunch\n>p2 switch 2\n>p1 move thunderbolt\n>p2 move shadowball\n>p1 switch 4\n>p1 move earthquake mega\n>p2 move shadowball\n>p1 move earthquake\n>p2 move shadowball\n>p1 switch 5\n>p1 move icebeam\n>p2 move shadowball","uploadtime":1765749716}