{"id":"gen9natdexdraft-257","log":"|j|☆John961\n|j|☆menace2sociteh\n|t:|1766947940\n|gametype|singles\n|player|p1|John961|miku-flying|\n|player|p2|menace2sociteh|266|\n|gen|9\n|tier|[Gen 9] NatDex Draft\n|rule|Tera Type Preview: Tera Types are shown at Team Preview\n|rule|Sleep Clause Mod: Limit one foe put to sleep\n|rule|OHKO Clause: OHKO moves are banned\n|rule|Evasion Clause: Evasion abilities, items, and moves are banned\n|rule|Evasion Abilities Clause: Evasion abilities are banned\n|rule|Evasion Items Clause: Evasion items are banned\n|rule|Evasion Moves Clause: Evasion moves are banned\n|rule|Endless Battle Clause: Forcing endless battles is banned\n|rule|HP Percentage Mod: HP is shown in percentages\n|raw|<div class=\"infobox\"><details class=\"readmore\" open><summary><strong>1 custom rule:</strong></summary> Tera Type Preview</details></div>\n|clearpoke\n|poke|p1|Gastrodon-East, F|\n|poke|p1|Amoonguss, F|\n|poke|p1|Buzzwole|\n|poke|p1|Iron Pixel, F|\n|poke|p1|Iron Gear, F|\n|poke|p1|Paleogeist, F|\n|poke|p2|Tauros-Paldea-Blaze, M|\n|poke|p2|Elecprobe|\n|poke|p2|Gloomhorn, M|\n|poke|p2|Corviknight, F|\n|poke|p2|Hippowdon, M|\n|poke|p2|Wild Wind, F|\n|raw|John961's Tera Types:<br /><psicon pokemon=\"gastrodoneast\" /><psicon type=\"Steel\" /> / <psicon pokemon=\"amoonguss\" /><psicon type=\"Grass\" /> / <psicon pokemon=\"buzzwole\" /><psicon type=\"Bug\" /> / <psicon pokemon=\"ironpixel\" /><psicon type=\"Poison\" /> / <psicon pokemon=\"irongear\" /><psicon type=\"Psychic\" /> / <psicon pokemon=\"paleogeist\" /><psicon type=\"Steel\" />\n|raw|menace2sociteh's Tera Types:<br /><psicon pokemon=\"taurospaldeablaze\" /><psicon type=\"Fighting\" /> / <psicon pokemon=\"elecprobe\" /><psicon type=\"Ice\" /> / <psicon pokemon=\"gloomhorn\" /><psicon type=\"Dark\" /> / <psicon pokemon=\"corviknight\" /><psicon type=\"Flying\" /> / <psicon pokemon=\"hippowdon\" /><psicon type=\"Ground\" /> / <psicon pokemon=\"wildwind\" /><psicon type=\"Fairy\" />\n|teampreview\n|c|☆menace2sociteh|Alr8ghty \n|c|☆menace2sociteh|Have fun \n|c|☆menace2sociteh|Wish you the best\n|c|☆John961|glhf\n|\n|t:|1766948016\n|teamsize|p1|6\n|teamsize|p2|6\n|start\n|switch|p1a: Sussy Baka|Amoonguss, F, shiny|100/100\n|switch|p2a: Elecprobe|Elecprobe|100/100\n|turn|1\n|\n|t:|1766948029\n|detailschange|p1a: Sussy Baka|Amoonguss-Mega, F, shiny\n|-mega|p1a: Sussy Baka|Amoonguss|Vent\n|-terastallize|p2a: Elecprobe|Ice\n|move|p2a: Elecprobe|Tera Blast|p1a: Sussy Baka|[anim] Tera Blast Ice\n|-supereffective|p1a: Sussy Baka\n|-damage|p1a: Sussy Baka|32/100\n|move|p1a: Sussy Baka|Sludge Bomb|p2a: Elecprobe\n|-damage|p2a: Elecprobe|44/100\n|\n|-activate|p1a: Sussy Baka|ability: Ejected\n|upkeep\n|\n|t:|1766948044\n|-heal|p1a: Sussy Baka|52/100|[from] ability: Ejected\n|switch|p1a: 51st Dates|Iron Pixel, F, shiny|100/100\n|turn|2\n|\n|t:|1766948061\n|switch|p2a: Hippowdon|Hippowdon, M|100/100\n|-weather|Sandstorm|[from] ability: Sand Stream|[of] p2a: Hippowdon\n|move|p1a: 51st Dates|Sludge Bomb|p2a: Hippowdon\n|-resisted|p2a: Hippowdon\n|-damage|p2a: Hippowdon|88/100\n|\n|-weather|Sandstorm|[upkeep]\n|-damage|p1a: 51st Dates|94/100|[from] Sandstorm\n|upkeep\n|turn|3\n|\n|t:|1766948082\n|-end|p1a: 51st Dates|Quark Drive|[silent]\n|switch|p1a: Sussy Baka|Amoonguss-Mega, F, shiny|52/100\n|switch|p2a: Gloomhorn|Gloomhorn, M|100/100\n|\n|-weather|Sandstorm|[upkeep]\n|-damage|p2a: Gloomhorn|94/100|[from] Sandstorm\n|-damage|p1a: Sussy Baka|46/100|[from] Sandstorm\n|-activate|p1a: Sussy Baka|ability: Ejected\n|upkeep\n|\n|t:|1766948122\n|-heal|p1a: Sussy Baka|66/100|[from] ability: Ejected\n|switch|p1a: William Afton|Paleogeist, F, shiny|100/100\n|turn|4\n|\n|t:|1766948137\n|-terastallize|p1a: William Afton|Steel\n|move|p2a: Gloomhorn|U-turn|p1a: William Afton\n|-resisted|p1a: William Afton\n|-damage|p1a: William Afton|85/100\n|\n|t:|1766948141\n|switch|p2a: Corviknight|Corviknight, F|100/100|[from] U-turn\n|-ability|p2a: Corviknight|Pressure\n|move|p1a: William Afton|Will-O-Wisp|p2a: Corviknight\n|-status|p2a: Corviknight|brn\n|\n|-weather|Sandstorm|[upkeep]\n|-damage|p2a: Corviknight|94/100 brn|[from] brn\n|upkeep\n|turn|5\n|\n|t:|1766948155\n|move|p2a: Corviknight|Light Screen|p2a: Corviknight\n|-sidestart|p2: menace2sociteh|move: Light Screen\n|move|p1a: William Afton|Parting Shot|p2a: Corviknight\n|-unboost|p2a: Corviknight|atk|1\n|-unboost|p2a: Corviknight|spa|1\n|\n|t:|1766948180\n|switch|p1a: Gary D Snail|Gastrodon-East, F|100/100|[from] Parting Shot\n|\n|-weather|Sandstorm|[upkeep]\n|-damage|p2a: Corviknight|88/100 brn|[from] brn\n|upkeep\n|turn|6\n|\n|t:|1766948190\n|switch|p2a: Wild Wind|Wild Wind, F|100/100\n|-enditem|p2a: Wild Wind|Booster Energy\n|-activate|p2a: Wild Wind|ability: Protosynthesis|[fromitem]\n|-start|p2a: Wild Wind|protosynthesisatk\n|move|p1a: Gary D Snail|Stealth Rock|p2a: Wild Wind\n|-sidestart|p2: menace2sociteh|move: Stealth Rock\n|\n|-weather|none\n|upkeep\n|turn|7\n|\n|t:|1766948214\n|switch|p1a: 51st Dates|Iron Pixel, F, shiny|94/100\n|move|p2a: Wild Wind|Aromatherapy|p2a: Wild Wind\n|-activate|p2a: Wild Wind|move: Aromatherapy\n|-curestatus|p2: Corviknight|brn|[msg]\n|\n|upkeep\n|turn|8\n|\n|t:|1766948227\n|-end|p2a: Wild Wind|Protosynthesis|[silent]\n|switch|p2a: Hippowdon|Hippowdon, M|88/100\n|-damage|p2a: Hippowdon|82/100|[from] Stealth Rock\n|-weather|Sandstorm|[from] ability: Sand Stream|[of] p2a: Hippowdon\n|move|p1a: 51st Dates|Sludge Bomb|p2a: Hippowdon\n|-resisted|p2a: Hippowdon\n|-crit|p2a: Hippowdon\n|-damage|p2a: Hippowdon|65/100\n|\n|-weather|Sandstorm|[upkeep]\n|-damage|p1a: 51st Dates|88/100|[from] Sandstorm\n|upkeep\n|turn|9\n|\n|t:|1766948240\n|-end|p1a: 51st Dates|Quark Drive|[silent]\n|switch|p1a: Sussy Baka|Amoonguss-Mega, F, shiny|66/100\n|switch|p2a: Tauros|Tauros-Paldea-Blaze, M|100/100\n|-damage|p2a: Tauros|88/100|[from] Stealth Rock\n|-ability|p2a: Tauros|Intimidate|boost\n|-unboost|p1a: Sussy Baka|atk|1\n|\n|-weather|Sandstorm|[upkeep]\n|-damage|p2a: Tauros|82/100|[from] Sandstorm\n|-damage|p1a: Sussy Baka|60/100|[from] Sandstorm\n|upkeep\n|turn|10\n|\n|t:|1766948270\n|move|p2a: Tauros|Raging Bull|p1a: Sussy Baka\n|-supereffective|p1a: Sussy Baka\n|-damage|p1a: Sussy Baka|2/100\n|move|p1a: Sussy Baka|Stun Spore|p2a: Tauros\n|-status|p2a: Tauros|par\n|\n|-weather|Sandstorm|[upkeep]\n|-damage|p2a: Tauros|76/100 par|[from] Sandstorm\n|-damage|p1a: Sussy Baka|0 fnt|[from] Sandstorm\n|faint|p1a: Sussy Baka\n|detailschange|p1: Sussy Baka|Amoonguss, F, shiny|[silent]\n|upkeep\n|\n|t:|1766948332\n|switch|p1a: Metal Gaer|Iron Gear, F, shiny|100/100\n|-enditem|p1a: Metal Gaer|Booster Energy\n|-activate|p1a: Metal Gaer|ability: Quark Drive|[fromitem]\n|-start|p1a: Metal Gaer|quarkdrivespe\n|turn|11\n|\n|t:|1766948352\n|move|p1a: Metal Gaer|Iron Defense|p1a: Metal Gaer\n|-boost|p1a: Metal Gaer|def|2\n|move|p2a: Tauros|Raging Bull|p1a: Metal Gaer\n|-supereffective|p1a: Metal Gaer\n|-damage|p1a: Metal Gaer|42/100\n|\n|-weather|Sandstorm|[upkeep]\n|-damage|p2a: Tauros|70/100 par|[from] Sandstorm\n|upkeep\n|turn|12\n|\n|t:|1766948452\n|move|p1a: Metal Gaer|Iron Defense|p1a: Metal Gaer\n|-boost|p1a: Metal Gaer|def|2\n|move|p2a: Tauros|Raging Bull|p1a: Metal Gaer\n|-supereffective|p1a: Metal Gaer\n|-damage|p1a: Metal Gaer|7/100\n|\n|-weather|none\n|-sideend|p2: menace2sociteh|move: Light Screen\n|upkeep\n|turn|13\n|\n|t:|1766948468\n|switch|p2a: Gloomhorn|Gloomhorn, M|94/100\n|-damage|p2a: Gloomhorn|82/100|[from] Stealth Rock\n|move|p1a: Metal Gaer|Recover|p1a: Metal Gaer\n|-heal|p1a: Metal Gaer|57/100\n|\n|upkeep\n|turn|14\n|\n|t:|1766948583\n|move|p2a: Gloomhorn|Shadow Sneak|p1a: Metal Gaer\n|-supereffective|p1a: Metal Gaer\n|-damage|p1a: Metal Gaer|21/100\n|move|p1a: Metal Gaer|Recover|p1a: Metal Gaer\n|-heal|p1a: Metal Gaer|71/100\n|\n|upkeep\n|turn|15\n|\n|t:|1766948595\n|switch|p2a: Hippowdon|Hippowdon, M|65/100\n|-damage|p2a: Hippowdon|59/100|[from] Stealth Rock\n|-weather|Sandstorm|[from] ability: Sand Stream|[of] p2a: Hippowdon\n|move|p1a: Metal Gaer|Iron Defense|p1a: Metal Gaer\n|-boost|p1a: Metal Gaer|def|2\n|\n|-weather|Sandstorm|[upkeep]\n|upkeep\n|turn|16\n|\n|t:|1766948605\n|move|p1a: Metal Gaer|Flash Cannon|p2a: Hippowdon\n|-damage|p2a: Hippowdon|40/100\n|move|p2a: Hippowdon|Sand Tomb|p1a: Metal Gaer\n|-supereffective|p1a: Metal Gaer\n|-damage|p1a: Metal Gaer|64/100\n|-activate|p1a: Metal Gaer|move: Sand Tomb|[of] p2a: Hippowdon\n|\n|-weather|Sandstorm|[upkeep]\n|-damage|p1a: Metal Gaer|51/100|[from] move: Sand Tomb|[partiallytrapped]\n|upkeep\n|turn|17\n|\n|t:|1766948615\n|move|p1a: Metal Gaer|Recover|p1a: Metal Gaer\n|-heal|p1a: Metal Gaer|100/100\n|move|p2a: Hippowdon|Earthquake|p1a: Metal Gaer\n|-supereffective|p1a: Metal Gaer\n|-damage|p1a: Metal Gaer|80/100\n|\n|-weather|Sandstorm|[upkeep]\n|-damage|p1a: Metal Gaer|68/100|[from] move: Sand Tomb|[partiallytrapped]\n|upkeep\n|turn|18\n|\n|t:|1766948622\n|move|p1a: Metal Gaer|Calm Mind|p1a: Metal Gaer\n|-boost|p1a: Metal Gaer|spa|1\n|-boost|p1a: Metal Gaer|spd|1\n|move|p2a: Hippowdon|Earthquake|p1a: Metal Gaer\n|-supereffective|p1a: Metal Gaer\n|-crit|p1a: Metal Gaer\n|-damage|p1a: Metal Gaer|0 fnt\n|faint|p1a: Metal Gaer\n|-end|p1a: Metal Gaer|Quark Drive|[silent]\n|\n|-weather|Sandstorm|[upkeep]\n|upkeep\n|\n|t:|1766948641\n|switch|p1a: Gary D Snail|Gastrodon-East, F|100/100\n|turn|19\n|\n|t:|1766948647\n|switch|p2a: Wild Wind|Wild Wind, F|100/100\n|-damage|p2a: Wild Wind|88/100|[from] Stealth Rock\n|move|p1a: Gary D Snail|Scald|p2a: Wild Wind\n|-resisted|p2a: Wild Wind\n|-damage|p2a: Wild Wind|78/100\n|\n|-weather|none\n|upkeep\n|turn|20\n|\n|t:|1766948661\n|switch|p1a: 51st Dates|Iron Pixel, F, shiny|88/100\n|move|p2a: Wild Wind|Wish|p2a: Wild Wind\n|\n|upkeep\n|turn|21\n|\n|t:|1766948668\n|-end|p2a: Wild Wind|Protosynthesis|[silent]\n|switch|p2a: Gloomhorn|Gloomhorn, M|82/100\n|-damage|p2a: Gloomhorn|70/100|[from] Stealth Rock\n|move|p1a: 51st Dates|Energy Ball|p2a: Gloomhorn\n|-damage|p2a: Gloomhorn|33/100\n|\n|-heal|p2a: Gloomhorn|100/100|[from] move: Wish|[wisher] Wild Wind\n|upkeep\n|turn|22\n|\n|t:|1766948679\n|-end|p1a: 51st Dates|Quark Drive|[silent]\n|switch|p1a: Mr. Mosquito|Buzzwole|100/100\n|move|p2a: Gloomhorn|Poltergeist|p1a: Mr. Mosquito\n|-activate|p1a: Mr. Mosquito|move: Poltergeist|Roseli Berry\n|-damage|p1a: Mr. Mosquito|37/100\n|\n|upkeep\n|turn|23\n|\n|t:|1766948691\n|move|p2a: Gloomhorn|Poltergeist|p1a: Mr. Mosquito\n|-activate|p1a: Mr. Mosquito|move: Poltergeist|Roseli Berry\n|-damage|p1a: Mr. Mosquito|0 fnt\n|faint|p1a: Mr. Mosquito\n|\n|upkeep\n|\n|t:|1766948719\n|switch|p1a: Gary D Snail|Gastrodon-East, F|100/100\n|turn|24\n|\n|t:|1766948731\n|move|p2a: Gloomhorn|Poltergeist|p1a: Gary D Snail\n|-activate|p1a: Gary D Snail|move: Poltergeist|Leftovers\n|-damage|p1a: Gary D Snail|25/100\n|move|p1a: Gary D Snail|Scald|p2a: Gloomhorn\n|-damage|p2a: Gloomhorn|67/100\n|\n|-heal|p1a: Gary D Snail|32/100|[from] item: Leftovers\n|upkeep\n|turn|25\n|\n|t:|1766948770\n|move|p2a: Gloomhorn|Poltergeist|p1a: Gary D Snail\n|-activate|p1a: Gary D Snail|move: Poltergeist|Leftovers\n|-damage|p1a: Gary D Snail|0 fnt\n|faint|p1a: Gary D Snail\n|\n|upkeep\n|\n|t:|1766948772\n|switch|p1a: William Afton|Paleogeist, F, shiny, tera:Steel|85/100\n|turn|26\n|\n|t:|1766948833\n|move|p2a: Gloomhorn|Poltergeist|p1a: William Afton\n|-activate|p1a: William Afton|move: Poltergeist|Shuca Berry\n|-damage|p1a: William Afton|15/100\n|-ability|p1a: William Afton|Sheer Willpower\n|-message|William Afton's Phantom Force hits instantly!\n|move|p1a: William Afton|Phantom Force||[still]\n|-prepare|p1a: William Afton|Phantom Force\n|-anim|p1a: William Afton|Phantom Force|p2a: Gloomhorn\n|-damage|p2a: Gloomhorn|22/100\n|\n|upkeep\n|turn|27\n|\n|t:|1766948851\n|move|p2a: Gloomhorn|Poltergeist|p1a: William Afton\n|-activate|p1a: William Afton|move: Poltergeist|Shuca Berry\n|-damage|p1a: William Afton|0 fnt\n|faint|p1a: William Afton\n|\n|upkeep\n|\n|t:|1766948854\n|switch|p1a: 51st Dates|Iron Pixel, F, shiny|88/100\n|turn|28\n|\n|t:|1766948869\n|switch|p2a: Tauros|Tauros-Paldea-Blaze, M|70/100 par\n|-damage|p2a: Tauros|58/100 par|[from] Stealth Rock\n|-ability|p2a: Tauros|Intimidate|boost\n|-unboost|p1a: 51st Dates|atk|1\n|move|p1a: 51st Dates|Energy Ball|p2a: Tauros\n|-resisted|p2a: Tauros\n|-damage|p2a: Tauros|38/100 par\n|\n|upkeep\n|turn|29\n|\n|t:|1766948876\n|move|p1a: 51st Dates|Energy Ball|p2a: Tauros\n|-resisted|p2a: Tauros\n|-damage|p2a: Tauros|19/100 par\n|move|p2a: Tauros|Raging Bull|p1a: 51st Dates\n|-damage|p1a: 51st Dates|30/100\n|\n|upkeep\n|turn|30\n|\n|t:|1766948882\n|move|p1a: 51st Dates|Energy Ball|p2a: Tauros\n|-resisted|p2a: Tauros\n|-damage|p2a: Tauros|0 fnt\n|faint|p2a: Tauros\n|\n|upkeep\n|\n|t:|1766948886\n|switch|p2a: Gloomhorn|Gloomhorn, M|22/100\n|-damage|p2a: Gloomhorn|10/100|[from] Stealth Rock\n|turn|31\n|\n|t:|1766948889\n|move|p2a: Gloomhorn|Shadow Sneak|p1a: 51st Dates\n|-damage|p1a: 51st Dates|0 fnt\n|faint|p1a: 51st Dates\n|-end|p1a: 51st Dates|Quark Drive|[silent]\n|\n|win|menace2sociteh\n|l|☆John961\n|player|p1|\n|c|☆menace2sociteh|Gg\n","players":["John961","menace2sociteh"],"format":"[Gen 9] NatDex Draft","rating":null,"private":1,"password":"gkvbnpus7kkhgqkpv8xh98rvbd7poks","inputlog":">version 0d0a8c252a1f8ab806681f673fdafaf34a87df55\n>start {\"formatid\":\"gen9natdexdraft@@@Tera Type Preview\",\"seed\":\"sodium,cb2aff4d590ce8da2bdd6c094e3a6e58\"}\n>player p1 {\"name\":\"John961\",\"avatar\":\"miku-flying\",\"team\":\"Gary D Snail|GastrodonEast|Leftovers|StormDrain|Scald,EarthPower,Recover,StealthRock|Bold|248,,164,,96,|F|,0,,,,|||,,,,,Steel]Sussy Baka|Amoonguss|Vent|Regenerator|SludgeBomb,StunSpore,Synthesis,Protect|Bold|248,,252,,8,|F|,0,,,,|S||,,,,,Grass]Mr. Mosquito|Buzzwole|RoseliBerry|BeastBoost|LeechLife,ThunderPunch,PoisonJab,Roost|Adamant|248,252,8,,,|N||||,,,,,Bug]51st Dates|IronPixel|ChoiceScarf|QuarkDrive|Thunderbolt,SludgeBomb,EnergyBall,VoltSwitch|Timid|80,,,252,,176|F|,0,,,,|S||,,,,,Poison]Metal Gaer|IronGear|BoosterEnergy|QuarkDrive|FlashCannon,Recover,CalmMind,IronDefense|Timid|160,,,160,,188|F|,0,,,,|S||,,,,,Psychic]William Afton|Paleogeist|ShucaBerry|SheerWillpower|PhantomForce,WillOWisp,PartingShot,SlackOff|Careful|248,8,,,252,|F||S||,,,,,Steel\",\"rating\":0}\n>player p2 {\"name\":\"menace2sociteh\",\"avatar\":\"266\",\"team\":\"Tauros|TaurosPaldeaBlaze|ExpertBelt|Intimidate|Trailblaze,RagingBull,CloseCombat,WillOWisp|Adamant|236,252,4,,,16|M||||,,,,,Fighting]Elecprobe||SafetyGoggles|Aftermath|ElectroDrift,TeraBlast,VoltSwitch,GigaDrain|Modest|,,,244,56,208|N|,0,,,,|||,,,,,Ice]Gloomhorn||ChoiceBand|Technician|Uturn,Poltergeist,ShadowSneak,SleepTalk|Adamant|96,252,,,,160|M||||,,,,,Dark]Corviknight||LightClay|Pressure|LightScreen,Roost,IronDefense,BodyPress|Impish|252,,252,,4,|F|,0,,,,|||,,,,,Flying]Hippowdon||AssaultVest|SandStream|BodyPress,Earthquake,HeavySlam,SandTomb|Careful|252,4,,,252,|M||||,,,,,Ground]Wild Wind||BoosterEnergy|Protosynthesis|Aromatherapy,Acrobatics,SeedBomb,Wish|Adamant|252,252,4,,,|F||||,,,,,Fairy\",\"rating\":0}\n>chat ☆menace2sociteh|Alr8ghty \n>chat ☆menace2sociteh|Have fun \n>chat ☆menace2sociteh|Wish you the best\n>chat ☆John961|glhf\n>p1 team 2, 1, 3, 4, 5, 6\n>p2 team 2, 1, 3, 4, 5, 6\n>p1 move sludgebomb mega\n>p2 move terablast terastallize\n>p1 switch 4\n>p1 move sludgebomb\n>p2 switch 5\n>p1 switch 4\n>p2 switch 3\n>p1 switch 6\n>p1 move willowisp terastallize\n>p2 move uturn\n>p2 switch 4\n>p1 move partingshot\n>p2 move lightscreen\n>p1 switch 2\n>p1 move stealthrock\n>p2 switch 6\n>p1 switch 4\n>p2 move aromatherapy\n>p1 move sludgebomb\n>p2 switch 3\n>p1 switch 6\n>p2 switch 2\n>p1 move stunspore\n>p2 move ragingbull\n>p1 switch 5\n>p1 move irondefense\n>p2 move ragingbull\n>p1 move irondefense\n>p2 move ragingbull\n>p1 move recover\n>p2 switch 4\n>p1 move recover\n>p2 move shadowsneak\n>p1 move irondefense\n>p2 switch 2\n>p1 move flashcannon\n>p2 move sandtomb\n>p1 move recover\n>p2 move earthquake\n>p1 move calmmind\n>p2 move earthquake\n>p1 switch 4\n>p1 move scald\n>p2 switch 3\n>p1 switch 6\n>p2 move wish\n>p1 move energyball\n>p2 switch 2\n>p1 switch 3\n>p2 move poltergeist\n>p1 move leechlife\n>p2 move poltergeist\n>p1 switch 6\n>p1 move scald\n>p2 move poltergeist\n>p1 move scald\n>p2 move poltergeist\n>p1 switch 2\n>p1 move phantomforce\n>p2 move poltergeist\n>p1 move phantomforce\n>p2 move poltergeist\n>p1 switch 3\n>p1 move energyball\n>p2 switch 4\n>p1 move energyball\n>p2 move ragingbull\n>p1 move energyball\n>p2 move ragingbull\n>p2 switch 4\n>p1 move energyball\n>p2 move shadowsneak","uploadtime":1766948910}