{"id":"gen9natdexdraft-510","log":"|j|☆Riptide2604\n|j|☆show05black\n|t:|1768659582\n|gametype|singles\n|player|p1|Riptide2604|265|\n|player|p2|show05black|265|\n|gen|9\n|tier|[Gen 9] NatDex Draft\n|rule|Sleep Clause Mod: Limit one foe put to sleep\n|rule|OHKO Clause: OHKO moves are banned\n|rule|Evasion Clause: Evasion abilities, items, and moves are banned\n|rule|Evasion Abilities Clause: Evasion abilities are banned\n|rule|Evasion Items Clause: Evasion items are banned\n|rule|Evasion Moves Clause: Evasion moves are banned\n|rule|Endless Battle Clause: Forcing endless battles is banned\n|rule|HP Percentage Mod: HP is shown in percentages\n|clearpoke\n|poke|p1|Dusclops, F|\n|poke|p1|Enamorus, F|\n|poke|p1|Clodsire, M|\n|poke|p1|Skarmory, F|\n|poke|p1|Urshifu-*, M|\n|poke|p1|Palafin, F|\n|poke|p2|Skarmory, M|\n|poke|p2|Tapu Fini|\n|poke|p2|Raging Bolt|\n|poke|p2|Greninja-*, M|\n|poke|p2|Victini|\n|poke|p2|Ursaring, M|\n|teampreview\n|c|☆show05black|glhf\n|\n|t:|1768659632\n|teamsize|p1|6\n|teamsize|p2|6\n|start\n|switch|p1a: Honor|Palafin, F|100/100\n|switch|p2a: This is a girrafe|Raging Bolt|100/100\n|-enditem|p2a: This is a girrafe|Booster Energy\n|-activate|p2a: This is a girrafe|ability: Protosynthesis|[fromitem]\n|-start|p2a: This is a girrafe|protosynthesisspa\n|turn|1\n|c|☆show05black|no mega damn\n|\n|t:|1768659642\n|detailschange|p1a: Honor|Palafin-Hero, F\n|switch|p1a: Endowment|Clodsire, M|100/100\n|move|p2a: This is a girrafe|Calm Mind|p2a: This is a girrafe\n|-boost|p2a: This is a girrafe|spa|1\n|-boost|p2a: This is a girrafe|spd|1\n|\n|upkeep\n|turn|2\n|\n|t:|1768659647\n|move|p2a: This is a girrafe|Dragon Pulse|p1a: Endowment\n|-damage|p1a: Endowment|44/100\n|move|p1a: Endowment|Earthquake|p2a: This is a girrafe\n|-supereffective|p2a: This is a girrafe\n|-damage|p2a: This is a girrafe|45/100\n|\n|-heal|p1a: Endowment|50/100|[from] item: Black Sludge\n|upkeep\n|turn|3\n|\n|t:|1768659731\n|move|p2a: This is a girrafe|Dragon Pulse|p1a: Endowment\n|-damage|p1a: Endowment|0 fnt\n|faint|p1a: Endowment\n|\n|upkeep\n|\n|t:|1768659747\n|switch|p1a: Odium|Dusclops, F|100/100\n|-ability|p1a: Odium|Pressure\n|turn|4\n|\n|t:|1768659762\n|move|p2a: This is a girrafe|Thunderbolt|p1a: Odium\n|-damage|p1a: Odium|28/100\n|move|p1a: Odium|Haze|p1a: Odium\n|-clearallboost\n|\n|upkeep\n|turn|5\n|\n|t:|1768659766\n|move|p2a: This is a girrafe|Thunderclap||[still]\n|-fail|p2a: This is a girrafe\n|move|p1a: Odium|Pain Split|p2a: This is a girrafe\n|-sethp|p2a: This is a girrafe|32/100|[from] move: Pain Split|[silent]\n|-sethp|p1a: Odium|45/100|[from] move: Pain Split\n|\n|upkeep\n|turn|6\n|\n|t:|1768659783\n|move|p2a: This is a girrafe|Thunderbolt|p1a: Odium\n|-damage|p1a: Odium|0 fnt\n|faint|p1a: Odium\n|\n|upkeep\n|\n|t:|1768659792\n|switch|p1a: Dominion|Urshifu, M|100/100\n|turn|7\n|\n|t:|1768659797\n|move|p1a: Dominion|Wicked Blow|p2a: This is a girrafe\n|-crit|p2a: This is a girrafe\n|-damage|p2a: This is a girrafe|0 fnt\n|faint|p2a: This is a girrafe\n|-end|p2a: This is a girrafe|Protosynthesis|[silent]\n|\n|upkeep\n|\n|t:|1768659833\n|switch|p2a: Fini-shed|Tapu Fini, shiny|100/100\n|-fieldstart|move: Misty Terrain|[from] ability: Misty Surge|[of] p2a: Fini-shed\n|-enditem|p2a: Fini-shed|Misty Seed\n|-boost|p2a: Fini-shed|spd|1|[from] item: Misty Seed\n|turn|8\n|\n|t:|1768659851\n|switch|p1a: Invention|Skarmory, F|100/100\n|move|p2a: Fini-shed|Ice Beam|p1a: Invention\n|-damage|p1a: Invention|71/100\n|\n|-heal|p1a: Invention|77/100|[from] item: Leftovers\n|upkeep\n|turn|9\n|\n|t:|1768659862\n|move|p2a: Fini-shed|Ice Beam|p1a: Invention\n|-damage|p1a: Invention|50/100\n|move|p1a: Invention|Whirlwind|p2a: Fini-shed\n|drag|p2a: Ursaring|Ursaring, M|100/100\n|\n|-heal|p1a: Invention|56/100|[from] item: Leftovers\n|upkeep\n|turn|10\n|\n|t:|1768659868\n|move|p1a: Invention|Roost|p1a: Invention\n|-heal|p1a: Invention|100/100\n|-singleturn|p1a: Invention|move: Roost\n|move|p2a: Ursaring|Thunder Punch|p1a: Invention\n|-damage|p1a: Invention|85/100\n|\n|-heal|p1a: Invention|91/100|[from] item: Leftovers\n|upkeep\n|turn|11\n|\n|t:|1768659870\n|move|p1a: Invention|Spikes|p2a: Ursaring\n|-sidestart|p2: show05black|Spikes\n|move|p2a: Ursaring|Earthquake|p1a: Invention\n|-immune|p1a: Invention\n|\n|-heal|p1a: Invention|97/100|[from] item: Leftovers\n|upkeep\n|turn|12\n|\n|t:|1768659876\n|move|p1a: Invention|Spikes|p2a: Ursaring\n|-sidestart|p2: show05black|Spikes\n|move|p2a: Ursaring|Thunder Punch|p1a: Invention\n|-supereffective|p1a: Invention\n|-damage|p1a: Invention|63/100\n|\n|-heal|p1a: Invention|69/100|[from] item: Leftovers\n|-fieldend|Misty Terrain\n|upkeep\n|turn|13\n|\n|t:|1768659881\n|move|p1a: Invention|Spikes|p2a: Ursaring\n|-sidestart|p2: show05black|Spikes\n|move|p2a: Ursaring|Thunder Punch|p1a: Invention\n|-supereffective|p1a: Invention\n|-damage|p1a: Invention|34/100\n|\n|-heal|p1a: Invention|40/100|[from] item: Leftovers\n|upkeep\n|turn|14\n|\n|t:|1768659884\n|move|p1a: Invention|Roost|p1a: Invention\n|-heal|p1a: Invention|90/100\n|-singleturn|p1a: Invention|move: Roost\n|move|p2a: Ursaring|Earthquake|p1a: Invention\n|-supereffective|p1a: Invention\n|-damage|p1a: Invention|49/100\n|\n|-heal|p1a: Invention|55/100|[from] item: Leftovers\n|upkeep\n|turn|15\n|\n|t:|1768659887\n|move|p1a: Invention|Roost|p1a: Invention\n|-heal|p1a: Invention|100/100\n|-singleturn|p1a: Invention|move: Roost\n|move|p2a: Ursaring|Thunder Punch|p1a: Invention\n|-damage|p1a: Invention|85/100\n|\n|-heal|p1a: Invention|91/100|[from] item: Leftovers\n|upkeep\n|turn|16\n|\n|t:|1768659889\n|move|p1a: Invention|Body Press|p2a: Ursaring\n|-supereffective|p2a: Ursaring\n|-damage|p2a: Ursaring|58/100\n|move|p2a: Ursaring|Earthquake|p1a: Invention\n|-immune|p1a: Invention\n|\n|-heal|p1a: Invention|97/100|[from] item: Leftovers\n|upkeep\n|turn|17\n|\n|t:|1768659895\n|move|p1a: Invention|Body Press|p2a: Ursaring\n|-supereffective|p2a: Ursaring\n|-damage|p2a: Ursaring|15/100\n|move|p2a: Ursaring|Thunder Punch|p1a: Invention\n|-supereffective|p1a: Invention\n|-damage|p1a: Invention|65/100\n|\n|-heal|p1a: Invention|71/100|[from] item: Leftovers\n|upkeep\n|turn|18\n|\n|t:|1768659898\n|move|p1a: Invention|Body Press|p2a: Ursaring\n|-supereffective|p2a: Ursaring\n|-damage|p2a: Ursaring|0 fnt\n|faint|p2a: Ursaring\n|\n|-heal|p1a: Invention|77/100|[from] item: Leftovers\n|upkeep\n|\n|t:|1768659899\n|switch|p2a: Fini-shed|Tapu Fini, shiny|100/100\n|-damage|p2a: Fini-shed|75/100|[from] Spikes\n|-fieldstart|move: Misty Terrain|[from] ability: Misty Surge|[of] p2a: Fini-shed\n|turn|19\n|\n|t:|1768659906\n|move|p2a: Fini-shed|Defog|p1a: Invention\n|-unboost|p1a: Invention|evasion|1\n|-sideend|p2: show05black|Spikes|[from] move: Defog|[of] p2a: Fini-shed\n|-fieldend|Misty Terrain\n|move|p1a: Invention|Roost|p1a: Invention\n|-heal|p1a: Invention|100/100\n|-singleturn|p1a: Invention|move: Roost\n|\n|upkeep\n|turn|20\n|\n|t:|1768659913\n|switch|p2a: Victini|Victini|100/100\n|move|p1a: Invention|Spikes|p2a: Victini\n|-sidestart|p2: show05black|Spikes\n|\n|upkeep\n|turn|21\n|\n|t:|1768659916\n|switch|p1a: Honor|Palafin-Hero, F|100/100\n|-activate|p1a: Honor|ability: Zero to Hero\n|move|p2a: Victini|V-create|p1a: Honor\n|-resisted|p1a: Honor\n|-damage|p1a: Honor|42/100\n|-unboost|p2a: Victini|spe|1\n|-unboost|p2a: Victini|def|1\n|-unboost|p2a: Victini|spd|1\n|\n|upkeep\n|turn|22\n|\n|t:|1768659932\n|switch|p2a: Fini-shed|Tapu Fini, shiny|75/100\n|-damage|p2a: Fini-shed|63/100|[from] Spikes\n|-fieldstart|move: Misty Terrain|[from] ability: Misty Surge|[of] p2a: Fini-shed\n|move|p1a: Honor|Wave Crash|p2a: Fini-shed\n|-resisted|p2a: Fini-shed\n|-damage|p2a: Fini-shed|29/100\n|-damage|p1a: Honor|31/100|[from] Recoil\n|\n|upkeep\n|turn|23\n|\n|t:|1768659941\n|move|p1a: Honor|Wave Crash|p2a: Fini-shed\n|-resisted|p2a: Fini-shed\n|-damage|p2a: Fini-shed|0 fnt\n|faint|p2a: Fini-shed\n|-damage|p1a: Honor|21/100|[from] Recoil\n|\n|upkeep\n|\n|t:|1768659944\n|switch|p2a: Ninja Hattori|Greninja, M|100/100\n|-damage|p2a: Ninja Hattori|88/100|[from] Spikes\n|turn|24\n|\n|t:|1768659970\n|switch|p1a: Dominion|Urshifu, M|100/100\n|move|p2a: Ninja Hattori|U-turn|p1a: Dominion\n|-start|p2a: Ninja Hattori|typechange|Bug|[from] ability: Protean\n|-damage|p1a: Dominion|79/100\n|\n|t:|1768659984\n|switch|p2a: Shiny?|Skarmory, M, shiny|100/100|[from] U-turn\n|\n|upkeep\n|turn|25\n|\n|t:|1768659993\n|switch|p1a: Invention|Skarmory, F|100/100\n|detailschange|p2a: Shiny?|Skarmory-Mega-ZA, M, shiny\n|-mega|p2a: Shiny?|Skarmory|SkarmoriteZA\n|move|p2a: Shiny?|Brave Bird|p1a: Invention\n|-resisted|p1a: Invention\n|-damage|p1a: Invention|81/100\n|-damage|p2a: Shiny?|94/100|[from] Recoil\n|\n|-heal|p1a: Invention|87/100|[from] item: Leftovers\n|upkeep\n|turn|26\n|\n|t:|1768660016\n|switch|p2a: Victini|Victini|100/100\n|-damage|p2a: Victini|88/100|[from] Spikes\n|move|p1a: Invention|Spikes|p2a: Victini\n|-sidestart|p2: show05black|Spikes\n|\n|-heal|p1a: Invention|93/100|[from] item: Leftovers\n|-fieldend|Misty Terrain\n|upkeep\n|turn|27\n|\n|t:|1768660078\n|switch|p1a: Devotion|Enamorus, F|100/100\n|move|p2a: Victini|Bolt Strike|p1a: Devotion\n|-supereffective|p1a: Devotion\n|-damage|p1a: Devotion|0 fnt\n|faint|p1a: Devotion\n|\n|upkeep\n|\n|t:|1768660083\n|switch|p1a: Honor|Palafin-Hero, F|21/100\n|turn|28\n|\n|t:|1768660086\n|move|p1a: Honor|Jet Punch|p2a: Victini\n|-supereffective|p2a: Victini\n|-damage|p2a: Victini|0 fnt\n|faint|p2a: Victini\n|\n|upkeep\n|\n|t:|1768660089\n|switch|p2a: Ninja Hattori|Greninja, M|88/100\n|-damage|p2a: Ninja Hattori|71/100|[from] Spikes\n|turn|29\n|\n|t:|1768660104\n|move|p1a: Honor|Jet Punch|p2a: Ninja Hattori\n|-resisted|p2a: Ninja Hattori\n|-damage|p2a: Ninja Hattori|32/100\n|move|p2a: Ninja Hattori|Surf|p1a: Honor\n|-start|p2a: Ninja Hattori|typechange|Water|[from] ability: Protean\n|-resisted|p1a: Honor\n|-damage|p1a: Honor|0 fnt\n|faint|p1a: Honor\n|\n|upkeep\n|\n|t:|1768660106\n|switch|p1a: Dominion|Urshifu, M|79/100\n|turn|30\n|\n|t:|1768660125\n|move|p2a: Ninja Hattori|Surf|p1a: Dominion\n|-damage|p1a: Dominion|14/100\n|move|p1a: Dominion|U-turn|p2a: Ninja Hattori\n|-damage|p2a: Ninja Hattori|0 fnt\n|faint|p2a: Ninja Hattori\n|\n|t:|1768660129\n|switch|p1a: Invention|Skarmory, F|93/100|[from] U-turn\n|\n|-heal|p1a: Invention|99/100|[from] item: Leftovers\n|upkeep\n|\n|t:|1768660131\n|switch|p2a: Shiny?|Skarmory-Mega-ZA, M, shiny|94/100\n|turn|31\n|\n|t:|1768660134\n|move|p2a: Shiny?|Body Press|p1a: Invention\n|-damage|p1a: Invention|84/100\n|move|p1a: Invention|Body Press|p2a: Shiny?\n|-damage|p2a: Shiny?|67/100\n|\n|-heal|p1a: Invention|90/100|[from] item: Leftovers\n|upkeep\n|turn|32\n|\n|t:|1768660139\n|move|p2a: Shiny?|Agility|p2a: Shiny?\n|-boost|p2a: Shiny?|spe|2\n|move|p1a: Invention|Body Press|p2a: Shiny?\n|-crit|p2a: Shiny?\n|-damage|p2a: Shiny?|21/100\n|\n|-heal|p1a: Invention|96/100|[from] item: Leftovers\n|upkeep\n|turn|33\n|\n|t:|1768660143\n|move|p2a: Shiny?|Roost|p2a: Shiny?\n|-heal|p2a: Shiny?|71/100\n|-singleturn|p2a: Shiny?|move: Roost\n|move|p1a: Invention|Body Press|p2a: Shiny?\n|-supereffective|p2a: Shiny?\n|-damage|p2a: Shiny?|15/100\n|\n|-heal|p1a: Invention|100/100|[from] item: Leftovers\n|upkeep\n|turn|34\n|\n|t:|1768660146\n|move|p2a: Shiny?|Roost|p2a: Shiny?\n|-heal|p2a: Shiny?|65/100\n|-singleturn|p2a: Shiny?|move: Roost\n|move|p1a: Invention|Body Press|p2a: Shiny?\n|-supereffective|p2a: Shiny?\n|-damage|p2a: Shiny?|10/100\n|\n|upkeep\n|turn|35\n|\n|t:|1768660148\n|move|p2a: Shiny?|Brave Bird|p1a: Invention\n|-resisted|p1a: Invention\n|-damage|p1a: Invention|81/100\n|-damage|p2a: Shiny?|3/100|[from] Recoil\n|move|p1a: Invention|Body Press|p2a: Shiny?\n|-damage|p2a: Shiny?|0 fnt\n|faint|p2a: Shiny?\n|detailschange|p2: Shiny?|Skarmory, M, shiny|[silent]\n|\n|win|Riptide2604\n|c|☆Riptide2604|gg\n","players":["Riptide2604","show05black"],"format":"[Gen 9] NatDex Draft","rating":null,"private":0,"password":null,"inputlog":">version 36cf988d66dbad4151963a7bc9d9267feedacf40\n>start {\"formatid\":\"gen9natdexdraft\",\"seed\":\"sodium,a0aea5676043219795d318523e5228ff\"}\n>player p1 {\"name\":\"Riptide2604\",\"avatar\":\"265\",\"team\":\"Odium|Dusclops|Eviolite|Pressure|WillOWisp,Haze,NightShade,PainSplit|Bold|248,,252,,8,|F|,0,,,,|||,,,,,Ghost]Devotion|Enamorus|ChoiceSpecs|CuteCharm|Moonblast,EarthPower,MysticalFire,SludgeBomb|Timid|,,,252,4,252|F|,0,,,,|||,,,,,Fairy]Endowment|Clodsire|BlackSludge|WaterAbsorb|Earthquake,PoisonJab,Recover,StealthRock|Careful|248,8,,,252,|M||||,,,,,Poison]Invention|Skarmory|Leftovers|Sturdy|Whirlwind,Spikes,Roost,BodyPress|Bold|248,,252,,,8|F|,0,,,,|||,,,,,Steel]Dominion|Urshifu|ChoiceScarf|UnseenFist|CloseCombat,WickedBlow,Uturn,SuckerPunch|Jolly|,252,,,4,252|M||||,,,,,Fighting]Honor|Palafin|ChoiceBand|ZerotoHero|WaveCrash,JetPunch,CloseCombat,FlipTurn|Jolly|,252,,,4,252|F||||,,,,,Water\",\"rating\":0}\n>player p2 {\"name\":\"show05black\",\"avatar\":\"265\",\"team\":\"Shiny?|Skarmory|SkarmoriteZA|Sturdy|Agility,BraveBird,BodyPress,Roost|Jolly|252,,32,,,224|M||S||,,,,,Steel]Fini-shed|TapuFini|MistySeed|MistySurge|Moonblast,IceBeam,Haze,Defog|Bold|252,,252,,,|N|,0,,,,|S||,,,,,Water]This is a girrafe|RagingBolt|BoosterEnergy|Protosynthesis|Thunderbolt,Thunderclap,DragonPulse,CalmMind|Modest|,,4,252,252,|N|,20,,,,|||,Fighting,,,,Electric]Ninja Hattori|Greninja|ChoiceScarf|Protean|IceBeam,Uturn,Surf,GrassKnot|Timid|60,,,252,,196|M||||,,,,,Water]Victini||ChoiceBand|VictoryStar|Vcreate,BoltStrike,Uturn,BrickBreak|Jolly|4,252,,,,252|N||||,,,,,Psychic]Ursaring||Eviolite|Guts|Earthquake,PlayRough,ThunderPunch,Crunch|Adamant|,252,252,,4,|M||||,,,,,Normal\",\"rating\":0}\n>chat ☆show05black|glhf\n>p1 team 6, 2, 3, 4, 5, 1\n>p2 team 3, 2, 1, 4, 5, 6\n>chat ☆show05black|no mega damn\n>p1 switch 3\n>p2 move calmmind\n>p1 move earthquake\n>p2 move dragonpulse\n>p1 move earthquake\n>p2 move dragonpulse\n>p1 switch 6\n>p1 move haze\n>p2 move thunderbolt\n>p1 move painsplit\n>p2 move thunderclap\n>p1 move nightshade\n>p2 move thunderbolt\n>p1 switch 5\n>p1 move wickedblow\n>p2 move thunderbolt\n>p2 switch 2\n>p1 switch 4\n>p2 move icebeam\n>p1 move whirlwind\n>p2 move icebeam\n>p1 move roost\n>p2 move thunderpunch\n>p1 move spikes\n>p2 move earthquake\n>p1 move spikes\n>p2 move thunderpunch\n>p1 move spikes\n>p2 move thunderpunch\n>p1 move roost\n>p2 move earthquake\n>p1 move roost\n>p2 move thunderpunch\n>p1 move bodypress\n>p2 move earthquake\n>p1 move bodypress\n>p2 move thunderpunch\n>p1 move bodypress\n>p2 move thunderpunch\n>p2 switch 6\n>p1 move roost\n>p2 move defog\n>p1 move spikes\n>p2 switch 5\n>p1 switch 3\n>p2 move vcreate\n>p1 move wavecrash\n>p2 switch 5\n>p1 move wavecrash\n>p2 move defog\n>p2 switch 4\n>p1 switch 4\n>p2 move uturn\n>p2 switch 3\n>p1 switch 3\n>p2 move bravebird mega\n>p1 move spikes\n>p2 switch 5\n>p1 switch 2\n>p2 move boltstrike\n>p1 switch 4\n>p1 move jetpunch\n>p2 move boltstrike\n>p2 switch 3\n>p1 move jetpunch\n>p2 move surf\n>p1 switch 3\n>p1 move uturn\n>p2 move surf\n>p1 switch 2\n>p2 switch 5\n>p1 move bodypress\n>p2 move bodypress\n>p1 move bodypress\n>p2 move agility\n>p1 move bodypress\n>p2 move roost\n>p1 move bodypress\n>p2 move roost\n>p1 move bodypress\n>p2 move bravebird","uploadtime":1768660152}