{"id":"gen9natdexdraft-395","log":"|j|☆TheScarySmoliv\n|j|☆jfucca\n|t:|1768081929\n|gametype|singles\n|player|p1|TheScarySmoliv|265|\n|player|p2|jfucca|101|\n|gen|9\n|tier|[Gen 9] NatDex Draft\n|rule|Sleep Clause Mod: Limit one foe put to sleep\n|rule|OHKO Clause: OHKO moves are banned\n|rule|Evasion Clause: Evasion abilities, items, and moves are banned\n|rule|Evasion Abilities Clause: Evasion abilities are banned\n|rule|Evasion Items Clause: Evasion items are banned\n|rule|Evasion Moves Clause: Evasion moves are banned\n|rule|Endless Battle Clause: Forcing endless battles is banned\n|rule|HP Percentage Mod: HP is shown in percentages\n|clearpoke\n|poke|p1|Feraligatr, F|\n|poke|p1|Slowking-Galar, M|\n|poke|p1|Thundurus-Therian, M|\n|poke|p1|Ogerpon-Cornerstone, F|\n|poke|p1|Empoleon, F|\n|poke|p1|Scizor, M|\n|poke|p2|Primarina, M|\n|poke|p2|Meowscarada, F|\n|poke|p2|Great Tusk|\n|poke|p2|Bronzong|\n|poke|p2|Dragalge, F|\n|poke|p2|Lycanroc-Dusk, M|\n|teampreview\n|c|☆TheScarySmoliv|glhf\n|c|☆jfucca|glhf\n|j| CretaceousDraconid\n|j| orectolobiformes\n|\n|t:|1768081991\n|teamsize|p1|6\n|teamsize|p2|6\n|start\n|switch|p1a: Scizor|Scizor, M|100/100\n|switch|p2a: Great Tusk|Great Tusk|100/100\n|turn|1\n|c| orectolobiformes|why are both teams super duper shiest\n|\n|t:|1768082005\n|move|p2a: Great Tusk|Earthquake|p1a: Scizor\n|-damage|p1a: Scizor|63/100\n|move|p1a: Scizor|Knock Off|p2a: Great Tusk\n|-resisted|p2a: Great Tusk\n|-damage|p2a: Great Tusk|91/100\n|-enditem|p2a: Great Tusk|Assault Vest|[from] move: Knock Off|[of] p1a: Scizor\n|\n|upkeep\n|turn|2\n|\n|t:|1768082016\n|move|p2a: Great Tusk|Earthquake|p1a: Scizor\n|-damage|p1a: Scizor|26/100\n|move|p1a: Scizor|Counter|p2a: Great Tusk\n|-damage|p2a: Great Tusk|33/100\n|\n|upkeep\n|turn|3\n|\n|t:|1768082032\n|move|p2a: Great Tusk|Brick Break|p1a: Scizor\n|-damage|p1a: Scizor|0 fnt\n|faint|p1a: Scizor\n|\n|upkeep\n|j| gemsauh\n|\n|t:|1768082042\n|switch|p1a: Ogerpon|Ogerpon-Cornerstone, F|100/100\n|turn|4\n|\n|t:|1768082049\n|-end|p2a: Great Tusk|Protosynthesis|[silent]\n|switch|p2a: Bronzong|Bronzong|100/100\n|move|p1a: Ogerpon|Horn Leech|p2a: Bronzong\n|-resisted|p2a: Bronzong\n|-damage|p2a: Bronzong|86/100\n|\n|-heal|p2a: Bronzong|92/100|[from] item: Leftovers\n|upkeep\n|turn|5\n|j| Bigg Lad\n|\n|t:|1768082065\n|move|p1a: Ogerpon|Knock Off|p2a: Bronzong\n|-supereffective|p2a: Bronzong\n|-crit|p2a: Bronzong\n|-damage|p2a: Bronzong|17/100\n|-enditem|p2a: Bronzong|Leftovers|[from] move: Knock Off|[of] p1a: Ogerpon\n|move|p2a: Bronzong|Gyro Ball|p1a: Ogerpon\n|-supereffective|p1a: Ogerpon\n|-ability|p1a: Ogerpon|Sturdy\n|-damage|p1a: Ogerpon|1/100\n|\n|upkeep\n|turn|6\n|\n|t:|1768082077\n|move|p2a: Bronzong|Protect|p2a: Bronzong\n|-singleturn|p2a: Bronzong|Protect\n|move|p1a: Ogerpon|Ivy Cudgel|p2a: Bronzong|[anim] Ivy Cudgel Rock\n|-activate|p2a: Bronzong|move: Protect\n|\n|upkeep\n|turn|7\n|\n|t:|1768082088\n|move|p1a: Ogerpon|Ivy Cudgel|p2a: Bronzong|[anim] Ivy Cudgel Rock\n|-resisted|p2a: Bronzong\n|-damage|p2a: Bronzong|0 fnt\n|faint|p2a: Bronzong\n|\n|upkeep\n|\n|t:|1768082092\n|switch|p2a: Meowscarada|Meowscarada, F|100/100\n|turn|8\n|\n|t:|1768082102\n|move|p2a: Meowscarada|Flower Trick|p1a: Ogerpon\n|-start|p2a: Meowscarada|typechange|Grass|[from] ability: Protean\n|-crit|p1a: Ogerpon\n|-damage|p1a: Ogerpon|0 fnt\n|faint|p1a: Ogerpon\n|\n|upkeep\n|\n|t:|1768082111\n|switch|p1a: Slowking|Slowking-Galar, M|100/100\n|turn|9\n|\n|t:|1768082122\n|move|p2a: Meowscarada|Knock Off|p1a: Slowking\n|-supereffective|p1a: Slowking\n|-damage|p1a: Slowking|54/100\n|-enditem|p1a: Slowking|Shuca Berry|[from] move: Knock Off|[of] p2a: Meowscarada\n|move|p1a: Slowking|Sludge Bomb|p2a: Meowscarada\n|-supereffective|p2a: Meowscarada\n|-damage|p2a: Meowscarada|0 fnt\n|faint|p2a: Meowscarada\n|\n|upkeep\n|\n|t:|1768082130\n|switch|p2a: Great Tusk|Great Tusk|33/100\n|turn|10\n|\n|t:|1768082132\n|switch|p1a: Thundurus|Thundurus-Therian, M|100/100\n|move|p2a: Great Tusk|Ice Spinner|p1a: Thundurus\n|-supereffective|p1a: Thundurus\n|-damage|p1a: Thundurus|11/100\n|\n|upkeep\n|turn|11\n|\n|t:|1768082153\n|-end|p2a: Great Tusk|Protosynthesis|[silent]\n|switch|p2a: Dragalge|Dragalge, F|100/100\n|move|p1a: Thundurus|U-turn|p2a: Dragalge\n|-resisted|p2a: Dragalge\n|-damage|p2a: Dragalge|92/100\n|\n|t:|1768082159\n|switch|p1a: Feraligatr|Feraligatr, F|100/100|[from] U-turn\n|\n|upkeep\n|turn|12\n|\n|t:|1768082171\n|detailschange|p1a: Feraligatr|Feraligatr-Mega-ZA, F\n|-mega|p1a: Feraligatr|Feraligatr|FeraligiteZA\n|detailschange|p2a: Dragalge|Dragalge-Mega-ZA, F\n|-mega|p2a: Dragalge|Dragalge|DragalgiteZA\n|move|p1a: Feraligatr|Dragon Claw|p2a: Dragalge\n|-supereffective|p2a: Dragalge\n|-damage|p2a: Dragalge|0 fnt\n|faint|p2a: Dragalge\n|detailschange|p2: Dragalge|Dragalge, F|[silent]\n|\n|upkeep\n|\n|t:|1768082178\n|switch|p2a: Primarina|Primarina, M|100/100\n|turn|13\n|\n|t:|1768082185\n|switch|p1a: Empoleon|Empoleon, F|100/100\n|move|p2a: Primarina|Flip Turn|p1a: Empoleon\n|-resisted|p1a: Empoleon\n|-damage|p1a: Empoleon|94/100\n|\n|t:|1768082188\n|switch|p2a: Great Tusk|Great Tusk|33/100|[from] Flip Turn\n|\n|-heal|p1a: Empoleon|99/100|[from] item: Leftovers\n|upkeep\n|turn|14\n|\n|t:|1768082195\n|move|p2a: Great Tusk|Brick Break|p1a: Empoleon\n|-supereffective|p1a: Empoleon\n|-damage|p1a: Empoleon|12/100\n|move|p1a: Empoleon|Scald|p2a: Great Tusk\n|-supereffective|p2a: Great Tusk\n|-damage|p2a: Great Tusk|0 fnt\n|faint|p2a: Great Tusk\n|-end|p2a: Great Tusk|Protosynthesis|[silent]\n|\n|-heal|p1a: Empoleon|18/100|[from] item: Leftovers\n|upkeep\n|c| Bigg Lad|uh\n|\n|t:|1768082219\n|switch|p2a: Lycanroc|Lycanroc-Dusk, M, shiny|100/100\n|turn|15\n|\n|t:|1768082222\n|move|p2a: Lycanroc|Brick Break|p1a: Empoleon\n|-supereffective|p1a: Empoleon\n|-damage|p1a: Empoleon|0 fnt\n|faint|p1a: Empoleon\n|\n|upkeep\n|c| orectolobiformes|A SECOND BRICK BREAKER HAS HIT THE EMPOLEON\n|c| gemsauh|bro is shivering at the sound of veil\n|\n|t:|1768082242\n|switch|p1a: Feraligatr|Feraligatr-Mega-ZA, F|100/100\n|turn|16\n|c| Bigg Lad|thats what im sayin\n|c|☆jfucca|na they had grimm which i thought would come\n|\n|t:|1768082306\n|move|p2a: Lycanroc|Swords Dance|p2a: Lycanroc\n|-boost|p2a: Lycanroc|atk|2\n|move|p1a: Feraligatr|Liquidation|p2a: Lycanroc\n|-supereffective|p2a: Lycanroc\n|-enditem|p2a: Lycanroc|Focus Sash\n|-damage|p2a: Lycanroc|1/100\n|\n|upkeep\n|turn|17\n|\n|t:|1768082313\n|move|p2a: Lycanroc|Stone Edge|p1a: Feraligatr\n|-damage|p1a: Feraligatr|20/100\n|move|p1a: Feraligatr|Trailblaze|p2a: Lycanroc\n|-supereffective|p2a: Lycanroc\n|-damage|p2a: Lycanroc|0 fnt\n|-boost|p1a: Feraligatr|spe|1\n|faint|p2a: Lycanroc\n|\n|upkeep\n|\n|t:|1768082319\n|switch|p2a: Primarina|Primarina, M|100/100\n|turn|18\n|\n|t:|1768082325\n|move|p1a: Feraligatr|Trailblaze|p2a: Primarina\n|-supereffective|p2a: Primarina\n|-damage|p2a: Primarina|62/100\n|-boost|p1a: Feraligatr|spe|1\n|move|p2a: Primarina|Moonblast|p1a: Feraligatr\n|-supereffective|p1a: Feraligatr\n|-damage|p1a: Feraligatr|0 fnt\n|faint|p1a: Feraligatr\n|detailschange|p1: Feraligatr|Feraligatr, F|[silent]\n|\n|-heal|p2a: Primarina|69/100|[from] item: Leftovers\n|upkeep\n|\n|t:|1768082333\n|switch|p1a: Slowking|Slowking-Galar, M|88/100\n|turn|19\n|\n|t:|1768082338\n|move|p2a: Primarina|Hyper Voice|p1a: Slowking\n|-damage|p1a: Slowking|58/100\n|move|p1a: Slowking|Sludge Bomb|p2a: Primarina\n|-supereffective|p2a: Primarina\n|-damage|p2a: Primarina|11/100\n|\n|-heal|p2a: Primarina|17/100|[from] item: Leftovers\n|upkeep\n|turn|20\n|\n|t:|1768082340\n|move|p2a: Primarina|Hyper Voice|p1a: Slowking\n|-damage|p1a: Slowking|26/100\n|move|p1a: Slowking|Sludge Bomb|p2a: Primarina\n|-supereffective|p2a: Primarina\n|-damage|p2a: Primarina|0 fnt\n|faint|p2a: Primarina\n|\n|win|TheScarySmoliv\n|c|☆TheScarySmoliv|gg\n|c|☆jfucca|gg\n|l| orectolobiformes\n","players":["TheScarySmoliv","jfucca"],"format":"[Gen 9] NatDex Draft","rating":null,"private":1,"password":"je7fe6x7yhud28g8yph7rlatiialq2o","inputlog":">version 0d0a8c252a1f8ab806681f673fdafaf34a87df55\n>start {\"formatid\":\"gen9natdexdraft\",\"seed\":\"sodium,1ce5f781ef77d04f7196f9e493b1ed6c\"}\n>player p1 {\"name\":\"TheScarySmoliv\",\"avatar\":\"265\",\"team\":\"Feraligatr||FeraligiteZA|Torrent|Liquidation,DragonClaw,Trailblaze,SwordsDance|Adamant|12,252,,,,244|F||||,,,,,Water]Slowking|SlowkingGalar|ShucaBerry|Regenerator|SludgeBomb,PsychicNoise,SlackOff,ChillyReception|Modest|252,,240,16,,|M|,0,,,,|||,,,,,Poison]Thundurus|ThundurusTherian|HeavyDutyBoots|VoltAbsorb|Thunderbolt,WeatherBall,Uturn,NastyPlot|Timid|8,,,252,,248|M||||,,,,,Electric]Ogerpon|OgerponCornerstone|CornerstoneMask|Sturdy|IvyCudgel,HornLeech,KnockOff,SwordsDance|Jolly|,252,,,4,252|F||||,Poison,,,,Rock]Empoleon||Leftovers|Competitive|Scald,FlipTurn,Roost,Defog|Calm|252,,8,,248,|F||||,,,,,Water]Scizor||OccaBerry|Swarm|Uturn,KnockOff,Roost,Counter|Impish|252,4,252,,,|M||||,,,,,Bug\",\"rating\":0}\n>player p2 {\"name\":\"jfucca\",\"avatar\":\"101\",\"team\":\"Primarina||Leftovers|LiquidVoice|Moonblast,HyperVoice,Psychic,FlipTurn|Bold|248,,252,8,,|M||||,,,,,Water]Meowscarada||HeavyDutyBoots|Protean|FlowerTrick,KnockOff,BrickBreak,Uturn|Jolly|64,252,,,,192|F||||,,,,,Grass]Great Tusk||AssaultVest|Protosynthesis|Earthquake,BrickBreak,IceSpinner,RapidSpin|Adamant|248,132,,,,128|N||||,Fighting,,,,Ground]Bronzong||Leftovers|Levitate|GyroBall,RockSlide,Explosion,Protect|Relaxed|248,8,252,,,|N|,,,,,0|||,,,,,Steel]Dragalge||DragalgiteZA|PoisonPoint|SludgeWave,DracoMeteor,Thunderbolt,FlipTurn|Modest|248,,8,252,,|F||||,,,,,Poison]Lycanroc|LycanrocDusk|FocusSash|ToughClaws|Accelerock,BrickBreak,StoneEdge,SwordsDance|Jolly|,252,4,,,252|M||S||,,,,,Rock\",\"rating\":0}\n>chat ☆TheScarySmoliv|glhf\n>chat ☆jfucca|glhf\n>p1 team 6, 2, 3, 4, 5, 1\n>p2 team 3, 2, 1, 4, 5, 6\n>chat  orectolobiformes|why are both teams super duper shiest\n>p1 move knockoff\n>p2 move earthquake\n>p1 move counter\n>p2 move earthquake\n>p1 move roost\n>p2 move brickbreak\n>p1 switch 4\n>p1 move hornleech\n>p2 switch 4\n>p1 move knockoff\n>p2 move gyroball\n>p1 move ivycudgel\n>p2 move protect\n>p1 move ivycudgel\n>p2 move gyroball\n>p2 switch 2\n>p1 move ivycudgel\n>p2 move flowertrick\n>p1 switch 2\n>p1 move sludgebomb\n>p2 move knockoff\n>p2 switch 4\n>p1 switch 3\n>p2 move icespinner\n>p1 move uturn\n>p2 switch 5\n>p1 switch 6\n>p1 move dragonclaw mega\n>p2 move dracometeor mega\n>p2 switch 3\n>p1 switch 5\n>p2 move flipturn\n>p2 switch 5\n>p1 move scald\n>p2 move brickbreak\n>chat  Bigg Lad|uh\n>p2 switch 6\n>p1 move scald\n>p2 move brickbreak\n>chat  orectolobiformes|A SECOND BRICK BREAKER HAS HIT THE EMPOLEON\n>chat  gemsauh|bro is shivering at the sound of veil\n>p1 switch 5\n>chat  Bigg Lad|thats what im sayin\n>chat ☆jfucca|na they had grimm which i thought would come\n>p1 move liquidation\n>p2 move swordsdance\n>p1 move trailblaze\n>p2 move stoneedge\n>p2 switch 5\n>p1 move trailblaze\n>p2 move moonblast\n>p1 switch 3\n>p1 move sludgebomb\n>p2 move hypervoice\n>p1 move sludgebomb\n>p2 move hypervoice","uploadtime":1768082354}