{"id":"gen9natdexdraft-420","log":"|j|☆jecotto03\n|j|☆John961\n|t:|1768180597\n|gametype|singles\n|player|p1|jecotto03|2|\n|player|p2|John961|miku-flying|\n|gen|9\n|tier|[Gen 9] NatDex Draft\n|rule|Sleep Clause Mod: Limit one foe put to sleep\n|rule|OHKO Clause: OHKO moves are banned\n|rule|Evasion Clause: Evasion abilities, items, and moves are banned\n|rule|Evasion Abilities Clause: Evasion abilities are banned\n|rule|Evasion Items Clause: Evasion items are banned\n|rule|Evasion Moves Clause: Evasion moves are banned\n|rule|Endless Battle Clause: Forcing endless battles is banned\n|rule|HP Percentage Mod: HP is shown in percentages\n|clearpoke\n|poke|p1|Landorus-Therian, M|\n|poke|p1|Empoleon, M|\n|poke|p1|Pecharunt|\n|poke|p1|Slowbro, M|\n|poke|p1|Iron Valiant|\n|poke|p1|Hydreigon, F|\n|poke|p2|Tapu Lele|\n|poke|p2|Serperior, F|\n|poke|p2|Sneasler, M|\n|poke|p2|Deoxys-Speed|\n|poke|p2|Articuno|\n|poke|p2|Melmetal|\n|teampreview\n|j| Rena475\n|\n|t:|1768180623\n|teamsize|p1|6\n|teamsize|p2|6\n|start\n|switch|p1a: 3-Headed-Fraud|Hydreigon, F|100/100\n|switch|p2a: Solid Snake|Serperior, F, shiny|100/100\n|turn|1\n|\n|t:|1768180662\n|move|p1a: 3-Headed-Fraud|U-turn|p2a: Solid Snake\n|-supereffective|p2a: Solid Snake\n|-damage|p2a: Solid Snake|72/100\n|\n|t:|1768180664\n|switch|p1a: Spoiled Treat|Pecharunt|100/100|[from] U-turn\n|move|p2a: Solid Snake|Glare|p1a: Spoiled Treat\n|-status|p1a: Spoiled Treat|par\n|\n|-heal|p2a: Solid Snake|78/100|[from] item: Leftovers\n|upkeep\n|turn|2\n|\n|t:|1768180685\n|switch|p2a: Nuts And Boltz|Melmetal, shiny|100/100\n|cant|p1a: Spoiled Treat|par\n|\n|upkeep\n|turn|3\n|\n|t:|1768180786\n|cant|p1a: Spoiled Treat|par\n|move|p2a: Nuts And Boltz|Thunderbolt|p1a: Spoiled Treat\n|-damage|p1a: Spoiled Treat|75/100 par\n|\n|-heal|p1a: Spoiled Treat|82/100 par|[from] item: Leftovers\n|upkeep\n|turn|4\n|c|☆jecotto03|woah\n|c|☆jecotto03|a plot twist of eons\n|\n|t:|1768180900\n|move|p1a: Spoiled Treat|Parting Shot|p2a: Nuts And Boltz\n|-unboost|p2a: Nuts And Boltz|atk|1\n|-unboost|p2a: Nuts And Boltz|spa|1\n|\n|t:|1768180905\n|switch|p1a: King Billy II|Slowbro, M, shiny|100/100|[from] Parting Shot\n|move|p2a: Nuts And Boltz|Thunderbolt|p1a: King Billy II\n|-supereffective|p1a: King Billy II\n|-damage|p1a: King Billy II|69/100\n|\n|upkeep\n|turn|5\n|\n|t:|1768180918\n|move|p2a: Nuts And Boltz|Thunder Wave|p1a: King Billy II\n|-status|p1a: King Billy II|par\n|cant|p1a: King Billy II|par\n|\n|upkeep\n|turn|6\n|\n|t:|1768180927\n|switch|p2a: Solid Snake|Serperior, F, shiny|78/100\n|move|p1a: King Billy II|Calm Mind|p1a: King Billy II\n|-boost|p1a: King Billy II|spa|1\n|-boost|p1a: King Billy II|spd|1\n|\n|-heal|p2a: Solid Snake|85/100|[from] item: Leftovers\n|upkeep\n|turn|7\n|\n|t:|1768180942\n|move|p2a: Solid Snake|Leaf Storm|p1a: King Billy II\n|-supereffective|p1a: King Billy II\n|-damage|p1a: King Billy II|16/100 par\n|-boost|p2a: Solid Snake|spa|2\n|cant|p1a: King Billy II|par\n|\n|-heal|p2a: Solid Snake|91/100|[from] item: Leftovers\n|upkeep\n|turn|8\n|c|☆jecotto03|alright\n|\n|t:|1768180960\n|switch|p1a: Spoiled Treat|Pecharunt|82/100 par\n|move|p2a: Solid Snake|Leaf Storm|p1a: Spoiled Treat\n|-resisted|p1a: Spoiled Treat\n|-damage|p1a: Spoiled Treat|40/100 par\n|-boost|p2a: Solid Snake|spa|2\n|\n|-heal|p2a: Solid Snake|97/100|[from] item: Leftovers\n|-heal|p1a: Spoiled Treat|46/100 par|[from] item: Leftovers\n|upkeep\n|turn|9\n|\n|t:|1768180978\n|move|p2a: Solid Snake|Dragon Pulse|p1a: Spoiled Treat\n|-damage|p1a: Spoiled Treat|0 fnt\n|faint|p1a: Spoiled Treat\n|\n|-heal|p2a: Solid Snake|100/100|[from] item: Leftovers\n|upkeep\n|\n|t:|1768180980\n|switch|p1a: Poseidon|Empoleon, M|100/100\n|turn|10\n|\n|t:|1768180987\n|move|p2a: Solid Snake|Leaf Storm|p1a: Poseidon\n|-damage|p1a: Poseidon|22/100\n|-boost|p2a: Solid Snake|spa|2\n|move|p1a: Poseidon|Roar|p2a: Solid Snake\n|drag|p2a: Nuts And Boltz|Melmetal, shiny|100/100\n|\n|-heal|p1a: Poseidon|28/100|[from] item: Leftovers\n|upkeep\n|turn|11\n|\n|t:|1768181001\n|move|p1a: Poseidon|Roost|p1a: Poseidon\n|-heal|p1a: Poseidon|78/100\n|-singleturn|p1a: Poseidon|move: Roost\n|move|p2a: Nuts And Boltz|Thunderbolt|p1a: Poseidon\n|-supereffective|p1a: Poseidon\n|-damage|p1a: Poseidon|45/100\n|\n|-heal|p1a: Poseidon|51/100|[from] item: Leftovers\n|upkeep\n|turn|12\n|\n|t:|1768181008\n|move|p1a: Poseidon|Roost|p1a: Poseidon\n|-heal|p1a: Poseidon|100/100\n|-singleturn|p1a: Poseidon|move: Roost\n|move|p2a: Nuts And Boltz|Thunder Wave|p1a: Poseidon\n|-status|p1a: Poseidon|par\n|\n|upkeep\n|turn|13\n|\n|t:|1768181015\n|move|p2a: Nuts And Boltz|Thunderbolt|p1a: Poseidon\n|-supereffective|p1a: Poseidon\n|-damage|p1a: Poseidon|69/100 par\n|move|p1a: Poseidon|Flip Turn|p2a: Nuts And Boltz\n|-damage|p2a: Nuts And Boltz|90/100\n|\n|t:|1768181019\n|switch|p1a: King Billy II|Slowbro, M, shiny|49/100 par|[from] Flip Turn\n|\n|upkeep\n|turn|14\n|\n|t:|1768181047\n|move|p2a: Nuts And Boltz|Thunderbolt|p1a: King Billy II\n|-supereffective|p1a: King Billy II\n|-damage|p1a: King Billy II|0 fnt\n|faint|p1a: King Billy II\n|\n|upkeep\n|\n|t:|1768181058\n|switch|p1a: Fuchsia's Gift|Iron Valiant, shiny|100/100\n|-enditem|p1a: Fuchsia's Gift|Booster Energy\n|-activate|p1a: Fuchsia's Gift|ability: Quark Drive|[fromitem]\n|-start|p1a: Fuchsia's Gift|quarkdrivespe\n|turn|15\n|\n|t:|1768181075\n|move|p1a: Fuchsia's Gift|Focus Blast|p2a: Nuts And Boltz\n|-supereffective|p2a: Nuts And Boltz\n|-enditem|p2a: Nuts And Boltz|Chople Berry|[eat]\n|-enditem|p2a: Nuts And Boltz|Chople Berry|[weaken]\n|-damage|p2a: Nuts And Boltz|38/100\n|move|p2a: Nuts And Boltz|Double Iron Bash|p1a: Fuchsia's Gift\n|-supereffective|p1a: Fuchsia's Gift\n|-damage|p1a: Fuchsia's Gift|9/100\n|-supereffective|p1a: Fuchsia's Gift\n|-damage|p1a: Fuchsia's Gift|0 fnt\n|faint|p1a: Fuchsia's Gift\n|-end|p1a: Fuchsia's Gift|Quark Drive|[silent]\n|-hitcount|p1: Fuchsia's Gift|2\n|\n|upkeep\n|\n|t:|1768181080\n|switch|p1a: 3-Headed-Fraud|Hydreigon, F|100/100\n|turn|16\n|\n|t:|1768181091\n|switch|p2a: Chill Bro|Articuno, shiny|100/100\n|-ability|p2a: Chill Bro|Pressure\n|move|p1a: 3-Headed-Fraud|Dark Pulse|p2a: Chill Bro\n|-damage|p2a: Chill Bro|77/100\n|\n|upkeep\n|turn|17\n|\n|t:|1768181112\n|move|p1a: 3-Headed-Fraud|Dark Pulse|p2a: Chill Bro\n|-damage|p2a: Chill Bro|51/100\n|move|p2a: Chill Bro|Freeze-Dry|p1a: 3-Headed-Fraud\n|-supereffective|p1a: 3-Headed-Fraud\n|-damage|p1a: 3-Headed-Fraud|47/100\n|-status|p1a: 3-Headed-Fraud|frz\n|\n|upkeep\n|turn|18\n|\n|t:|1768181119\n|cant|p1a: 3-Headed-Fraud|frz\n|move|p2a: Chill Bro|Roost|p2a: Chill Bro\n|-heal|p2a: Chill Bro|100/100\n|-singleturn|p2a: Chill Bro|move: Roost\n|\n|upkeep\n|turn|19\n|c|☆jecotto03|gg\n|\n|t:|1768181145\n|switch|p1a: Poseidon|Empoleon, M|69/100 par\n|switch|p2a: Psycho Mantis|Tapu Lele, shiny|100/100\n|-fieldstart|move: Psychic Terrain|[from] ability: Psychic Surge|[of] p2a: Psycho Mantis\n|\n|-heal|p1a: Poseidon|75/100 par|[from] item: Leftovers\n|upkeep\n|turn|20\n|\n|t:|1768181161\n|move|p2a: Psycho Mantis|Thunderbolt|p1a: Poseidon\n|-supereffective|p1a: Poseidon\n|-damage|p1a: Poseidon|13/100 par\n|cant|p1a: Poseidon|par\n|\n|-heal|p1a: Poseidon|19/100 par|[from] item: Leftovers\n|upkeep\n|turn|21\n|-message|jecotto03 forfeited.\n|\n|win|John961\n|l|☆jecotto03\n|player|p1|\n|j|☆jecotto03\n|player|p1|jecotto03|2|\n","players":["jecotto03","John961"],"format":"[Gen 9] NatDex Draft","rating":null,"private":0,"password":null,"inputlog":">version 36cf988d66dbad4151963a7bc9d9267feedacf40\n>start {\"formatid\":\"gen9natdexdraft\",\"seed\":\"sodium,66574db779ec787cadce630dfb29ecc5\"}\n>player p1 {\"name\":\"jecotto03\",\"avatar\":\"2\",\"team\":\"HammerHead|LandorusTherian|CovertCloak|Intimidate|Uturn,Earthquake,StealthRock,KnockOff|Impish|240,,252,,16,|M||||,,,,,Ground]Poseidon|Empoleon|Leftovers|Torrent|Roar,Roost,FlipTurn,Scald|Sassy|248,,,8,252,|M||||,,,,,Water]Spoiled Treat|Pecharunt|Leftovers|PoisonPuppeteer|PartingShot,Recover,MalignantChain,FoulPlay|Bold|252,,252,,4,|N|,0,,,,|||,,,,,Poison]King Billy II|Slowbro|ColburBerry|Regenerator|Surf,CalmMind,ExpandingForce,SlackOff|Relaxed|248,,216,,44,|M|,0,,,,0|S||,,,,,Water]Fuchsia's Gift|IronValiant|BoosterEnergy|QuarkDrive|CalmMind,FocusBlast,Moonblast,ShadowBall|Timid|24,,,252,,232|N|,0,,,,|S||,,,,,Fairy]3-Headed-Fraud|Hydreigon|ChoiceScarf|Levitate|Uturn,DracoMeteor,DarkPulse,StealthRock|Timid|24,,,252,,232|F||||,,,,,Dark\",\"rating\":0}\n>player p2 {\"name\":\"John961\",\"avatar\":\"miku-flying\",\"team\":\"Psycho Mantis|TapuLele|ChoiceSpecs|PsychicSurge|Psychic,Thunderbolt,Moonblast,FocusBlast|Timid|32,,,252,,224|N|,0,,,,|S||,,,,,Psychic]Solid Snake|Serperior|Leftovers|Contrary|LeafStorm,DragonPulse,Synthesis,Glare|Timid|248,,,128,,132|F|,0,,,,|S||,,,,,Grass]Generic Furry|Sneasler|PsychicSeed|Unburden|CloseCombat,DireClaw,ThroatChop,SwordsDance|Adamant|248,252,,,8,|M||S||,,,,,Fighting]Giygas|DeoxysSpeed|ChoiceSpecs|Pressure|ExpandingForce,PsychoBoost,IceBeam,Thunderbolt|Timid|64,,,252,4,188|N|,0,,,,|S||,,,,,Psychic]Chill Bro|Articuno|HeavyDutyBoots|Pressure|FreezeDry,Defog,Whirlwind,Roost|Calm|248,,164,,96,|N|,0,,,,|S||,,,,,Ice]Nuts And Boltz|Melmetal|ChopleBerry|IronFist|DoubleIronBash,IceBeam,ThunderWave,Thunderbolt|Quiet|,4,,252,252,|N||S||,,,,,Steel\",\"rating\":0}\n>p1 team 6, 2, 3, 4, 5, 1\n>p2 team 2, 1, 3, 4, 5, 6\n>p1 move uturn\n>p2 move glare\n>p1 switch 3\n>p1 move malignantchain\n>p2 switch 6\n>p1 move foulplay\n>p2 move thunderbolt\n>chat ☆jecotto03|woah\n>chat ☆jecotto03|a plot twist of eons\n>p1 move partingshot\n>p2 move thunderbolt\n>p1 switch 4\n>p1 move calmmind\n>p2 move thunderwave\n>p1 move calmmind\n>p2 switch 6\n>p1 move expandingforce\n>p2 move leafstorm\n>chat ☆jecotto03|alright\n>p1 switch 4\n>p2 move leafstorm\n>p1 move malignantchain\n>p2 move dragonpulse\n>p1 switch 2\n>p1 move roar\n>p2 move leafstorm\n>p1 move roost\n>p2 move thunderbolt\n>p1 move roost\n>p2 move thunderwave\n>p1 move flipturn\n>p2 move thunderbolt\n>p1 switch 4\n>p1 move slackoff\n>p2 move thunderbolt\n>p1 switch 5\n>p1 move focusblast\n>p2 move doubleironbash\n>p1 switch 3\n>p1 move darkpulse\n>p2 switch 5\n>p1 move darkpulse\n>p2 move freezedry\n>p1 move darkpulse\n>p2 move roost\n>chat ☆jecotto03|gg\n>p1 switch 4\n>p2 switch 2\n>p1 move flipturn\n>p2 move thunderbolt\n>forcelose p1","uploadtime":1768181225}