{"id":"gen9natdexdraft-483","log":"|j|☆Life's Hell\n|j|☆itoshiflwr\n|t:|1763665321\n|gametype|singles\n|player|p1|Life's Hell|jasmine|\n|player|p2|itoshiflwr|miku-ground|\n|gen|9\n|tier|[Gen 9] NatDex Draft\n|rule|Tera Type Preview: Tera Types are shown at Team Preview\n|rule|Sleep Clause Mod: Limit one foe put to sleep\n|rule|OHKO Clause: OHKO moves are banned\n|rule|Evasion Clause: Evasion abilities, items, and moves are banned\n|rule|Evasion Abilities Clause: Evasion abilities are banned\n|rule|Evasion Items Clause: Evasion items are banned\n|rule|Evasion Moves Clause: Evasion moves are banned\n|rule|Endless Battle Clause: Forcing endless battles is banned\n|rule|HP Percentage Mod: HP is shown in percentages\n|raw|<div class=\"infobox\"><details class=\"readmore\" open><summary><strong>1 custom rule:</strong></summary> Tera Type Preview</details></div>\n|clearpoke\n|poke|p1|Slicing Segment, F|\n|poke|p1|Starmie|\n|poke|p1|Iron Spore, M|\n|poke|p1|Tinkaton, F|\n|poke|p1|Dhelmise|\n|poke|p1|Altaria-Hell, F|\n|poke|p2|Greninja-*, M|\n|poke|p2|Skarmory-Paper-Bender, F|\n|poke|p2|Clefable, M|\n|poke|p2|Emboar, M|\n|poke|p2|Serperior, M|\n|poke|p2|Urshifu-*, M|\n|raw|Life's Hell's Tera Types:<br /><psicon pokemon=\"slicingsegment\" /><psicon type=\"Flying\" /> / <psicon pokemon=\"starmie\" /><psicon type=\"Water\" /> / <psicon pokemon=\"ironspore\" /><psicon type=\"Bug\" /> / <psicon pokemon=\"tinkaton\" /><psicon type=\"Fairy\" /> / <psicon pokemon=\"dhelmise\" /><psicon type=\"Ghost\" /> / <psicon pokemon=\"altariahell\" /><psicon type=\"Fire\" />\n|raw|itoshiflwr's Tera Types:<br /><psicon pokemon=\"greninjabond\" /><psicon type=\"Water\" /> / <psicon pokemon=\"skarmorypaperbender\" /><psicon type=\"Fairy\" /> / <psicon pokemon=\"clefable\" /><psicon type=\"Fairy\" /> / <psicon pokemon=\"emboar\" /><psicon type=\"Fire\" /> / <psicon pokemon=\"serperior\" /><psicon type=\"Fire\" /> / <psicon pokemon=\"urshifu\" /><psicon type=\"Poison\" />\n|teampreview\n|c|☆Life's Hell|glhf\n|c|☆itoshiflwr|u2\n|\n|t:|1763665397\n|teamsize|p1|6\n|teamsize|p2|6\n|start\n|switch|p1a: Starmie|Starmie|100/100\n|switch|p2a: Catwoman|Skarmory-Paper-Bender, F|100/100\n|turn|1\n|\n|t:|1763665425\n|detailschange|p1a: Starmie|Starmie-Mega\n|-mega|p1a: Starmie|Starmie|Starmite\n|move|p1a: Starmie|Surf|p2a: Catwoman\n|-damage|p2a: Catwoman|21/100\n|move|p2a: Catwoman|Stealth Rock|p1a: Starmie\n|-sidestart|p1: Life's Hell|move: Stealth Rock\n|\n|upkeep\n|turn|2\n|-enditem|p2a: Catwoman|Custap Berry|[eat]\n|-activate|p2a: Catwoman|item: Custap Berry|[consumed]\n|\n|t:|1763665433\n|move|p2a: Catwoman|Toxic|p1a: Starmie\n|-status|p1a: Starmie|tox\n|move|p1a: Starmie|Flip Turn|p2a: Catwoman\n|-damage|p2a: Catwoman|11/100\n|\n|t:|1763665437\n|switch|p1a: Dhelmise|Dhelmise|100/100|[from] Flip Turn\n|\n|upkeep\n|turn|3\n|j| The_Shawdoin\n|\n|t:|1763665452\n|switch|p1a: Starmie|Starmie-Mega|100/100 tox\n|-damage|p1a: Starmie|88/100 tox|[from] Stealth Rock\n|move|p2a: Catwoman|Roost|p2a: Catwoman\n|-heal|p2a: Catwoman|61/100\n|-singleturn|p2a: Catwoman|move: Roost\n|\n|-damage|p1a: Starmie|82/100 tox|[from] psn\n|upkeep\n|turn|4\n|\n|t:|1763665465\n|switch|p2a: Bane|Clefable, M, shiny|100/100\n|move|p1a: Starmie|Surf|p2a: Bane\n|-damage|p2a: Bane|60/100\n|\n|-damage|p1a: Starmie|70/100 tox|[from] psn\n|upkeep\n|turn|5\n|\n|t:|1763665472\n|move|p1a: Starmie|Flip Turn|p2a: Bane\n|-damage|p2a: Bane|41/100\n|\n|t:|1763665496\n|switch|p1a: Dhelmise|Dhelmise|100/100|[from] Flip Turn\n|move|p2a: Bane|Soft-Boiled|p2a: Bane\n|-heal|p2a: Bane|92/100\n|\n|upkeep\n|turn|6\n|\n|t:|1763665509\n|switch|p2a: Catwoman|Skarmory-Paper-Bender, F|61/100\n|move|p1a: Dhelmise|Rapid Spin|p2a: Catwoman\n|-resisted|p2a: Catwoman\n|-damage|p2a: Catwoman|57/100\n|-boost|p1a: Dhelmise|spe|1\n|-sideend|p1: Life's Hell|Stealth Rock|[from] move: Rapid Spin|[of] p1a: Dhelmise\n|\n|upkeep\n|turn|7\n|\n|t:|1763665576\n|switch|p1a: Starmie|Starmie-Mega|100/100 tox\n|move|p2a: Catwoman|Roost|p2a: Catwoman\n|-heal|p2a: Catwoman|100/100\n|-singleturn|p2a: Catwoman|move: Roost\n|\n|-damage|p1a: Starmie|95/100 tox|[from] psn\n|upkeep\n|turn|8\n|\n|t:|1763665585\n|switch|p2a: Killer Croc|Serperior, M, shiny|100/100\n|move|p1a: Starmie|Surf|p2a: Killer Croc\n|-resisted|p2a: Killer Croc\n|-damage|p2a: Killer Croc|72/100\n|\n|-heal|p2a: Killer Croc|78/100|[from] item: Leftovers\n|-damage|p1a: Starmie|83/100 tox|[from] psn\n|upkeep\n|turn|9\n|\n|t:|1763665599\n|move|p2a: Killer Croc|Protect|p2a: Killer Croc\n|-singleturn|p2a: Killer Croc|Protect\n|move|p1a: Starmie|Flip Turn|p2a: Killer Croc\n|-activate|p2a: Killer Croc|move: Protect\n|\n|-heal|p2a: Killer Croc|84/100|[from] item: Leftovers\n|-damage|p1a: Starmie|65/100 tox|[from] psn\n|upkeep\n|turn|10\n|\n|t:|1763665631\n|move|p2a: Killer Croc|Leaf Storm|p1a: Starmie\n|-supereffective|p1a: Starmie\n|-damage|p1a: Starmie|0 fnt\n|-boost|p2a: Killer Croc|spa|2\n|faint|p1a: Starmie\n|detailschange|p1: Starmie|Starmie|[silent]\n|\n|-heal|p2a: Killer Croc|90/100|[from] item: Leftovers\n|upkeep\n|\n|t:|1763665651\n|switch|p1a: Altaria-Hell|Altaria-Hell, F|100/100\n|turn|11\n|\n|t:|1763665655\n|move|p2a: Killer Croc|Protect|p2a: Killer Croc\n|-singleturn|p2a: Killer Croc|Protect\n|move|p1a: Altaria-Hell|Perish Song|p1a: Altaria-Hell\n|-start|p1a: Altaria-Hell|perish3|[silent]\n|-start|p2a: Killer Croc|perish3|[silent]\n|-fieldactivate|move: Perish Song\n|\n|-heal|p2a: Killer Croc|96/100|[from] item: Leftovers\n|-start|p2a: Killer Croc|perish3\n|-start|p1a: Altaria-Hell|perish3\n|upkeep\n|turn|12\n|\n|t:|1763665663\n|move|p2a: Killer Croc|Hidden Power|p1a: Altaria-Hell\n|-supereffective|p1a: Altaria-Hell\n|-damage|p1a: Altaria-Hell|0 fnt\n|faint|p1a: Altaria-Hell\n|\n|-heal|p2a: Killer Croc|100/100|[from] item: Leftovers\n|-start|p2a: Killer Croc|perish2\n|upkeep\n|\n|t:|1763665692\n|switch|p1a: Dhelmise|Dhelmise|100/100\n|turn|13\n|\n|t:|1763665762\n|switch|p2a: Catwoman|Skarmory-Paper-Bender, F|100/100\n|move|p1a: Dhelmise|Knock Off|p2a: Catwoman\n|-resisted|p2a: Catwoman\n|-damage|p2a: Catwoman|95/100\n|\n|upkeep\n|turn|14\n|\n|t:|1763665770\n|switch|p1a: Iron Spore|Iron Spore, M|100/100\n|move|p2a: Catwoman|Stealth Rock|p1a: Iron Spore\n|-sidestart|p1: Life's Hell|move: Stealth Rock\n|\n|upkeep\n|turn|15\n|\n|t:|1763665775\n|switch|p2a: Penguin|Emboar, M, shiny|100/100\n|move|p1a: Iron Spore|Light Screen|p1a: Iron Spore\n|-sidestart|p1: Life's Hell|move: Light Screen\n|\n|upkeep\n|turn|16\n|\n|t:|1763665780\n|move|p1a: Iron Spore|Reflect|p1a: Iron Spore\n|-sidestart|p1: Life's Hell|Reflect\n|move|p2a: Penguin|Flare Blitz|p1a: Iron Spore\n|-supereffective|p1a: Iron Spore\n|-damage|p1a: Iron Spore|47/100\n|-damage|p2a: Penguin|88/100|[from] Recoil\n|\n|upkeep\n|turn|17\n|\n|t:|1763665787\n|switch|p2a: Killer Croc|Serperior, M, shiny|100/100\n|move|p1a: Iron Spore|Strength Sap|p2a: Killer Croc\n|-boost|p2a: Killer Croc|atk|1\n|-heal|p1a: Iron Spore|100/100\n|\n|upkeep\n|turn|18\n|\n|t:|1763665792\n|move|p2a: Killer Croc|Protect|p2a: Killer Croc\n|-singleturn|p2a: Killer Croc|Protect\n|move|p1a: Iron Spore|U-turn|p2a: Killer Croc\n|-activate|p2a: Killer Croc|move: Protect\n|\n|upkeep\n|turn|19\n|\n|t:|1763665796\n|move|p2a: Killer Croc|Leaf Storm|p1a: Iron Spore\n|-resisted|p1a: Iron Spore\n|-damage|p1a: Iron Spore|89/100\n|-boost|p2a: Killer Croc|spa|2\n|move|p1a: Iron Spore|U-turn|p2a: Killer Croc\n|-supereffective|p2a: Killer Croc\n|-damage|p2a: Killer Croc|75/100\n|\n|t:|1763665799\n|-end|p1a: Iron Spore|Quark Drive|[silent]\n|switch|p1a: Dhelmise|Dhelmise|100/100|[from] U-turn\n|\n|-heal|p2a: Killer Croc|81/100|[from] item: Leftovers\n|upkeep\n|turn|20\n|\n|t:|1763665804\n|move|p2a: Killer Croc|Protect|p2a: Killer Croc\n|-singleturn|p2a: Killer Croc|Protect\n|move|p1a: Dhelmise|Rapid Spin|p2a: Killer Croc\n|-activate|p2a: Killer Croc|move: Protect\n|\n|-heal|p2a: Killer Croc|87/100|[from] item: Leftovers\n|upkeep\n|turn|21\n|\n|t:|1763665807\n|move|p2a: Killer Croc|Leaf Storm|p1a: Dhelmise\n|-resisted|p1a: Dhelmise\n|-damage|p1a: Dhelmise|84/100\n|-boost|p2a: Killer Croc|spa|2\n|move|p1a: Dhelmise|Rapid Spin|p2a: Killer Croc\n|-crit|p2a: Killer Croc\n|-damage|p2a: Killer Croc|62/100\n|-boost|p1a: Dhelmise|spe|1\n|-sideend|p1: Life's Hell|Stealth Rock|[from] move: Rapid Spin|[of] p1a: Dhelmise\n|\n|-heal|p2a: Killer Croc|68/100|[from] item: Leftovers\n|upkeep\n|turn|22\n|\n|t:|1763665817\n|move|p2a: Killer Croc|Leaf Storm|p1a: Dhelmise\n|-resisted|p1a: Dhelmise\n|-damage|p1a: Dhelmise|59/100\n|-boost|p2a: Killer Croc|spa|2\n|move|p1a: Dhelmise|Knock Off|p2a: Killer Croc\n|-damage|p2a: Killer Croc|36/100\n|-enditem|p2a: Killer Croc|Leftovers|[from] move: Knock Off|[of] p1a: Dhelmise\n|\n|-sideend|p1: Life's Hell|move: Light Screen\n|upkeep\n|turn|23\n|\n|t:|1763665832\n|move|p2a: Killer Croc|Leaf Storm|p1a: Dhelmise\n|-resisted|p1a: Dhelmise\n|-damage|p1a: Dhelmise|0 fnt\n|faint|p1a: Dhelmise\n|\n|-sideend|p1: Life's Hell|Reflect\n|upkeep\n|\n|t:|1763665842\n|switch|p1a: Slicing Segment|Slicing Segment, F|100/100\n|turn|24\n|c|☆Life's Hell|gg\n|\n|t:|1763665860\n|move|p2a: Killer Croc|Hidden Power|p1a: Slicing Segment\n|-supereffective|p1a: Slicing Segment\n|-damage|p1a: Slicing Segment|17/100\n|move|p1a: Slicing Segment|Taunt|p2a: Killer Croc\n|-start|p2a: Killer Croc|move: Taunt\n|\n|-heal|p1a: Slicing Segment|23/100|[from] item: Leftovers\n|upkeep\n|turn|25\n|\n|t:|1763665864\n|move|p2a: Killer Croc|Hidden Power|p1a: Slicing Segment\n|-supereffective|p1a: Slicing Segment\n|-damage|p1a: Slicing Segment|0 fnt\n|faint|p1a: Slicing Segment\n|-end|p1a: Slicing Segment|Protosynthesis|[silent]\n|\n|upkeep\n|\n|t:|1763665866\n|switch|p1a: Iron Spore|Iron Spore, M|89/100\n|turn|26\n|\n|t:|1763665871\n|-terastallize|p2a: Killer Croc|Fire\n|move|p2a: Killer Croc|Tera Blast|p1a: Iron Spore|[anim] Tera Blast Fire\n|-supereffective|p1a: Iron Spore\n|-damage|p1a: Iron Spore|0 fnt\n|faint|p1a: Iron Spore\n|-end|p1a: Iron Spore|Quark Drive|[silent]\n|\n|upkeep\n|\n|t:|1763665872\n|switch|p1a: Tinkaton|Tinkaton, F|100/100\n|-ability|p1a: Tinkaton|Mold Breaker\n|turn|27\n|\n|t:|1763665879\n|move|p2a: Killer Croc|Tera Blast|p1a: Tinkaton|[anim] Tera Blast Fire\n|-supereffective|p1a: Tinkaton\n|-damage|p1a: Tinkaton|0 fnt\n|faint|p1a: Tinkaton\n|\n|win|itoshiflwr\n","players":["Life's Hell","itoshiflwr"],"format":"[Gen 9] NatDex Draft","rating":null,"private":1,"password":"2uwega5cwyls9w2g9gqyu447d3f2qxy","inputlog":">version fcbd19b897670a6ca2d6afcd55efaaf2b6c6cc9b\n>start {\"formatid\":\"gen9natdexdraft@@@Tera Type Preview\",\"seed\":\"sodium,0219c0b75e7f58e14aba0b7338efaee6\"}\n>player p1 {\"name\":\"Life's Hell\",\"avatar\":\"jasmine\",\"team\":\"Slicing Segment||Leftovers|Protosynthesis|StickyWeb,Taunt,KnockOff,Uturn|Careful|,4,252,,252,|F||||,,,,,Flying]Starmie||Starmite|Analytic|Surf,Psychic,DazzlingGleam,FlipTurn|Modest|160,,4,252,,92|N||||,,,,,Water]Iron Spore||LightClay|QuarkDrive|LightScreen,Reflect,StrengthSap,Uturn|Impish|248,,132,,128,|M||||,,,,,Bug]Tinkaton||Leftovers|MoldBreaker|Substitute,SwordsDance,PlayRough,StoneEdge|Impish|152,116,240,,,|F||||,,,,,Fairy]Dhelmise||HeavyDutyBoots|Steelworker|PainSplit,Bulldoze,KnockOff,RapidSpin|Careful|248,,8,,252,|N||||,,,,,Ghost]Altaria-Hell||HeavyDutyBoots|FlashFire|WillOWisp,Roost,PerishSong,Hurricane|Bold|248,,252,8,,|F|,0,,,,|||,,,,,Fire\",\"rating\":0}\n>player p2 {\"name\":\"itoshiflwr\",\"avatar\":\"miku-ground\",\"team\":\"Bruce Wayne|GreninjaBond|Greninjite|BattleBond|Uturn,SludgeWave,DarkPulse,Surf|Timid|92,,,252,4,160|M||||,Ghost,,,,Water]Catwoman|SkarmoryPaperBender|CustapBerry|Sturdy|Roost,BodyPress,Toxic,StealthRock|Impish|248,,252,,8,|F|,0,,,,|||,,,,,Fairy]Bane|Clefable|HeavyDutyBoots|Unaware|CalmMind,Flamethrower,SoftBoiled,Moonblast|Calm|248,,140,,120,|M|,0,,,,|S||,,,,,Fairy]Penguin|Emboar|AssaultVest|Reckless|CloseCombat,KnockOff,FlareBlitz,SuckerPunch|Careful|248,8,,,252,|M||S||,,,,,Fire]Killer Croc|Serperior|Leftovers|Contrary|TeraBlast,HiddenPowerRock,LeafStorm,Protect|Timid|136,,,180,,192|M||S||,Rock,,,,Fire]The Riddler|Urshifu|LumBerry|UnseenFist|SwordsDance,SuckerPunch,WickedBlow,PoisonJab|Jolly|,252,,,4,252|M||||,,,,,Poison\",\"rating\":0}\n>chat ☆Life's Hell|glhf\n>chat ☆itoshiflwr|u2\n>p1 team 2, 1, 3, 4, 5, 6\n>p2 team 2, 1, 3, 4, 5, 6\n>p1 move surf mega\n>p2 move stealthrock\n>p1 move flipturn\n>p2 move toxic\n>p1 switch 5\n>p1 switch 5\n>p2 move roost\n>p1 move surf\n>p2 switch 3\n>p1 move flipturn\n>p2 move softboiled\n>p1 switch 5\n>p1 move rapidspin\n>p2 switch 3\n>p1 switch 5\n>p2 move roost\n>p1 move surf\n>p2 switch 5\n>p1 move flipturn\n>p2 move protect\n>p1 move flipturn\n>p2 move leafstorm\n>p1 switch 6\n>p1 move perishsong\n>p2 move protect\n>p1 move willowisp\n>p2 move hiddenpower\n>p1 switch 5\n>p1 move knockoff\n>p2 switch 5\n>p1 switch 3\n>p2 move stealthrock\n>p1 move lightscreen\n>p2 switch 4\n>p1 move reflect\n>p2 move flareblitz\n>p1 move strengthsap\n>p2 switch 5\n>p1 move uturn\n>p2 move protect\n>p1 move uturn\n>p2 move leafstorm\n>p1 switch 3\n>p1 move rapidspin\n>p2 move protect\n>p1 move rapidspin\n>p2 move leafstorm\n>p1 move knockoff\n>p2 move leafstorm\n>p1 move painsplit\n>p2 move leafstorm\n>p1 switch 2\n>chat ☆Life's Hell|gg\n>p1 move taunt\n>p2 move hiddenpower\n>p1 move taunt\n>p2 move hiddenpower\n>p1 switch 3\n>p1 move strengthsap\n>p2 move terablast terastallize\n>p1 switch 4\n>p1 move substitute\n>p2 move terablast","uploadtime":1763665882}