{"id":"gen9natdexdraft-243","log":"|j|☆nimjaishot\n|j|☆umbreonreallysucks\n|t:|1762572072\n|gametype|singles\n|player|p1|nimjaishot|170|\n|player|p2|umbreonreallysucks|101|\n|gen|9\n|tier|[Gen 9] NatDex Draft\n|rule|Tera Type Preview: Tera Types are shown at Team Preview\n|rule|Sleep Clause Mod: Limit one foe put to sleep\n|rule|OHKO Clause: OHKO moves are banned\n|rule|Evasion Clause: Evasion abilities, items, and moves are banned\n|rule|Evasion Abilities Clause: Evasion abilities are banned\n|rule|Evasion Items Clause: Evasion items are banned\n|rule|Evasion Moves Clause: Evasion moves are banned\n|rule|Endless Battle Clause: Forcing endless battles is banned\n|rule|HP Percentage Mod: HP is shown in percentages\n|raw|<div class=\"infobox\"><details class=\"readmore\" open><summary><strong>1 custom rule:</strong></summary> Tera Type Preview</details></div>\n|clearpoke\n|poke|p1|Garganacl, M|\n|poke|p1|Swampert, F|\n|poke|p1|Scizor, M|\n|poke|p1|Moltres|\n|poke|p1|Enamorus, F|\n|poke|p1|Queendra, F|\n|poke|p2|Ho-Ho, M|\n|poke|p2|Aurorus, F|\n|poke|p2|Hariyama, F|\n|poke|p2|Diamoneye, F|\n|poke|p2|Probenose, F|\n|poke|p2|Reuniclus-Hell, M|\n|raw|nimjaishot's Tera Types:<br /><psicon pokemon=\"garganacl\" /><psicon type=\"Steel\" /> / <psicon pokemon=\"swampert\" /><psicon type=\"Water\" /> / <psicon pokemon=\"scizor\" /><psicon type=\"Bug\" /> / <psicon pokemon=\"moltres\" /><psicon type=\"Fire\" /> / <psicon pokemon=\"enamorus\" /><psicon type=\"Dark\" /> / <psicon pokemon=\"queendra\" /><psicon type=\"Ice\" />\n|raw|umbreonreallysucks's Tera Types:<br /><psicon pokemon=\"hoho\" /><psicon type=\"Fire\" /> / <psicon pokemon=\"aurorus\" /><psicon type=\"Water\" /> / <psicon pokemon=\"hariyama\" /><psicon type=\"Fighting\" /> / <psicon pokemon=\"diamoneye\" /><psicon type=\"Ghost\" /> / <psicon pokemon=\"probenose\" /><psicon type=\"Electric\" /> / <psicon pokemon=\"reuniclushell\" /><psicon type=\"Normal\" />\n|teampreview\n|c|☆umbreonreallysucks|Wow no hands\n|c|☆umbreonreallysucks|glhf\n|c|☆nimjaishot|yeah \n|c|☆nimjaishot|do you wanna know something\n|c|☆nimjaishot|i put 0 prep into this\n|c|☆nimjaishot|i was so sick this week\n|c|☆umbreonreallysucks|Dont say that now Imma look terrible when I lose lmao\n|c|☆nimjaishot|im ass bro\n|c|☆nimjaishot|you got it\n|\n|t:|1762572127\n|teamsize|p1|6\n|teamsize|p2|6\n|start\n|switch|p1a: Enamorus|Enamorus, F|100/100\n|switch|p2a: Aurorus|Aurorus, F|100/100\n|turn|1\n|\n|t:|1762572138\n|switch|p1a: Garganacl|Garganacl, M|100/100\n|move|p2a: Aurorus|Hyper Voice|p1a: Garganacl\n|-damage|p1a: Garganacl|62/100\n|\n|-heal|p1a: Garganacl|69/100|[from] item: Leftovers\n|upkeep\n|turn|2\n|\n|t:|1762572147\n|switch|p2a: Hariyama|Hariyama, F|100/100\n|move|p1a: Garganacl|Salt Cure|p2a: Hariyama\n|-resisted|p2a: Hariyama\n|-damage|p2a: Hariyama|93/100\n|\n|-heal|p1a: Garganacl|75/100|[from] item: Leftovers\n|upkeep\n|turn|3\n|\n|t:|1762572177\n|switch|p1a: Moltres|Moltres|100/100\n|move|p2a: Hariyama|Drain Punch|p1a: Moltres\n|-resisted|p1a: Moltres\n|-damage|p1a: Moltres|86/100\n|-heal|p2a: Hariyama|99/100|[from] drain|[of] p1a: Moltres\n|-status|p2a: Hariyama|brn|[from] ability: Flame Body|[of] p1a: Moltres\n|\n|-damage|p2a: Hariyama|93/100 brn|[from] brn\n|upkeep\n|turn|4\n|c|☆nimjaishot|not goog\n|\n|t:|1762572191\n|switch|p2a: Aurorus|Aurorus, F|100/100\n|move|p1a: Moltres|Flamethrower|p2a: Aurorus\n|-damage|p2a: Aurorus|78/100\n|\n|upkeep\n|turn|5\n|\n|t:|1762572197\n|switch|p1a: Swampert|Swampert, F|100/100\n|move|p2a: Aurorus|Ancient Power|p1a: Swampert\n|-resisted|p1a: Swampert\n|-crit|p1a: Swampert\n|-damage|p1a: Swampert|91/100\n|\n|upkeep\n|turn|6\n|\n|t:|1762572208\n|switch|p2a: Probenose|Probenose, F|100/100\n|move|p1a: Swampert|Knock Off|p2a: Probenose\n|-damage|p2a: Probenose|88/100\n|-enditem|p2a: Probenose|Leftovers|[from] move: Knock Off|[of] p1a: Swampert\n|\n|upkeep\n|turn|7\n|\n|t:|1762572216\n|move|p1a: Swampert|Flip Turn|p2a: Probenose\n|-damage|p2a: Probenose|75/100\n|\n|t:|1762572222\n|switch|p1a: Scizor|Scizor, M|100/100|[from] Flip Turn\n|move|p2a: Probenose|Toxic|p1a: Scizor\n|-immune|p1a: Scizor\n|\n|upkeep\n|turn|8\n|\n|t:|1762572254\n|switch|p2a: Hariyama|Hariyama, F|93/100 brn\n|move|p1a: Scizor|U-turn|p2a: Hariyama\n|-resisted|p2a: Hariyama\n|-damage|p2a: Hariyama|63/100 brn\n|\n|t:|1762572260\n|switch|p1a: Enamorus|Enamorus, F|100/100|[from] U-turn\n|\n|-damage|p2a: Hariyama|57/100 brn|[from] brn\n|upkeep\n|turn|9\n|\n|t:|1762572271\n|switch|p2a: Reuniclus-Hell|Reuniclus-Hell, M|100/100\n|move|p1a: Enamorus|Moonblast|p2a: Reuniclus-Hell\n|-damage|p2a: Reuniclus-Hell|74/100\n|\n|upkeep\n|turn|10\n|\n|t:|1762572284\n|switch|p1a: Swampert|Swampert, F|91/100\n|move|p2a: Reuniclus-Hell|Knock Off|p1a: Swampert\n|-damage|p1a: Swampert|76/100\n|-enditem|p1a: Swampert|Assault Vest|[from] move: Knock Off|[of] p2a: Reuniclus-Hell\n|\n|upkeep\n|turn|11\n|\n|t:|1762572293\n|move|p1a: Swampert|Knock Off|p2a: Reuniclus-Hell\n|-resisted|p2a: Reuniclus-Hell\n|-damage|p2a: Reuniclus-Hell|62/100\n|-enditem|p2a: Reuniclus-Hell|Assault Vest|[from] move: Knock Off|[of] p1a: Swampert\n|move|p2a: Reuniclus-Hell|Grass Knot|p1a: Swampert\n|-supereffective|p1a: Swampert\n|-damage|p1a: Swampert|11/100\n|\n|upkeep\n|turn|12\n|\n|t:|1762572302\n|move|p1a: Swampert|Flip Turn|p2a: Reuniclus-Hell\n|-damage|p2a: Reuniclus-Hell|33/100\n|\n|t:|1762572306\n|switch|p1a: Scizor|Scizor, M|100/100|[from] Flip Turn\n|move|p2a: Reuniclus-Hell|Psychic|p1a: Scizor\n|-resisted|p1a: Scizor\n|-damage|p1a: Scizor|84/100\n|\n|upkeep\n|turn|13\n|\n|t:|1762572322\n|switch|p2a: Ho-Ho|Ho-Ho, M|100/100\n|move|p1a: Scizor|Knock Off|p2a: Ho-Ho\n|-damage|p2a: Ho-Ho|15/100\n|-enditem|p2a: Ho-Ho|Choice Scarf|[from] move: Knock Off|[of] p1a: Scizor\n|\n|upkeep\n|turn|14\n|\n|t:|1762572330\n|switch|p1a: Moltres|Moltres|86/100\n|move|p2a: Ho-Ho|Sacred Fire|p1a: Moltres\n|-resisted|p1a: Moltres\n|-damage|p1a: Moltres|69/100\n|\n|upkeep\n|turn|15\n|\n|t:|1762572338\n|switch|p2a: Aurorus|Aurorus, F|78/100\n|move|p1a: Moltres|Flamethrower|p2a: Aurorus\n|-damage|p2a: Aurorus|56/100\n|\n|upkeep\n|turn|16\n|\n|t:|1762572366\n|switch|p1a: Swampert|Swampert, F|11/100\n|move|p2a: Aurorus|Hidden Power|p1a: Swampert\n|-resisted|p1a: Swampert\n|-damage|p1a: Swampert|4/100\n|\n|upkeep\n|turn|17\n|\n|t:|1762572376\n|switch|p2a: Reuniclus-Hell|Reuniclus-Hell, M|66/100\n|move|p1a: Swampert|Earthquake|p2a: Reuniclus-Hell\n|-damage|p2a: Reuniclus-Hell|33/100\n|\n|upkeep\n|turn|18\n|\n|t:|1762572387\n|switch|p2a: Probenose|Probenose, F|75/100\n|move|p1a: Swampert|Earthquake|p2a: Probenose\n|-immune|p2a: Probenose|[from] ability: Levitate\n|\n|upkeep\n|turn|19\n|\n|t:|1762572392\n|move|p1a: Swampert|Flip Turn|p2a: Probenose\n|-damage|p2a: Probenose|55/100\n|\n|t:|1762572396\n|switch|p1a: Garganacl|Garganacl, M|75/100|[from] Flip Turn\n|move|p2a: Probenose|Flash Cannon|p1a: Garganacl\n|-supereffective|p1a: Garganacl\n|-damage|p1a: Garganacl|39/100\n|\n|-heal|p1a: Garganacl|45/100|[from] item: Leftovers\n|upkeep\n|turn|20\n|\n|t:|1762572409\n|switch|p1a: Swampert|Swampert, F|4/100\n|move|p2a: Probenose|Flash Cannon|p1a: Swampert\n|-resisted|p1a: Swampert\n|-damage|p1a: Swampert|0 fnt\n|faint|p1a: Swampert\n|\n|upkeep\n|\n|t:|1762572415\n|switch|p1a: Scizor|Scizor, M|84/100\n|turn|21\n|\n|t:|1762572420\n|move|p1a: Scizor|Close Combat|p2a: Probenose\n|-supereffective|p2a: Probenose\n|-damage|p2a: Probenose|0 fnt\n|-unboost|p1a: Scizor|def|1\n|-unboost|p1a: Scizor|spd|1\n|faint|p2a: Probenose\n|\n|upkeep\n|\n|t:|1762572424\n|switch|p2a: Ho-Ho|Ho-Ho, M|48/100\n|turn|22\n|\n|t:|1762572434\n|switch|p1a: Moltres|Moltres|69/100\n|move|p2a: Ho-Ho|Brave Bird|p1a: Moltres\n|-damage|p1a: Moltres|29/100\n|-damage|p2a: Ho-Ho|32/100|[from] Recoil\n|\n|upkeep\n|turn|23\n|\n|t:|1762572442\n|switch|p2a: Aurorus|Aurorus, F|56/100\n|move|p1a: Moltres|Roost|p1a: Moltres\n|-heal|p1a: Moltres|80/100\n|-singleturn|p1a: Moltres|move: Roost\n|\n|upkeep\n|turn|24\n|\n|t:|1762572489\n|switch|p1a: Garganacl|Garganacl, M|45/100\n|move|p2a: Aurorus|Hyper Voice|p1a: Garganacl\n|-damage|p1a: Garganacl|6/100\n|\n|-heal|p1a: Garganacl|12/100|[from] item: Leftovers\n|upkeep\n|turn|25\n|\n|t:|1762572507\n|switch|p1a: Scizor|Scizor, M|84/100\n|move|p2a: Aurorus|Hyper Voice|p1a: Scizor\n|-resisted|p1a: Scizor\n|-damage|p1a: Scizor|54/100\n|\n|upkeep\n|turn|26\n|\n|t:|1762572515\n|switch|p2a: Ho-Ho|Ho-Ho, M|65/100\n|move|p1a: Scizor|Bullet Punch|p2a: Ho-Ho\n|-resisted|p2a: Ho-Ho\n|-damage|p2a: Ho-Ho|27/100\n|\n|upkeep\n|turn|27\n|\n|t:|1762572548\n|switch|p2a: Hariyama|Hariyama, F|57/100 brn\n|move|p1a: Scizor|Bullet Punch|p2a: Hariyama\n|-crit|p2a: Hariyama\n|-damage|p2a: Hariyama|0 fnt\n|faint|p2a: Hariyama\n|\n|upkeep\n|c|☆nimjaishot|first time using scizor \n|c|☆nimjaishot|last time i used him i ran heat rock sunny day\n|c|☆nimjaishot|so i dont count that\n|\n|t:|1762572590\n|switch|p2a: Ho-Ho|Ho-Ho, M|60/100\n|turn|28\n|\n|t:|1762572606\n|switch|p1a: Moltres|Moltres|80/100\n|move|p2a: Ho-Ho|Brave Bird|p1a: Moltres\n|-damage|p1a: Moltres|43/100\n|-damage|p2a: Ho-Ho|46/100|[from] Recoil\n|\n|upkeep\n|turn|29\n|\n|t:|1762572622\n|move|p2a: Ho-Ho|Earthquake|p1a: Moltres\n|-immune|p1a: Moltres\n|move|p1a: Moltres|Toxic|p2a: Ho-Ho\n|-status|p2a: Ho-Ho|tox\n|\n|-damage|p2a: Ho-Ho|39/100 tox|[from] psn\n|upkeep\n|turn|30\n|\n|t:|1762572635\n|move|p2a: Ho-Ho|Brave Bird|p1a: Moltres\n|-crit|p1a: Moltres\n|-damage|p1a: Moltres|0 fnt\n|faint|p1a: Moltres\n|-damage|p2a: Ho-Ho|22/100 tox|[from] Recoil\n|\n|-damage|p2a: Ho-Ho|10/100 tox|[from] psn\n|upkeep\n|\n|t:|1762572648\n|switch|p1a: Garganacl|Garganacl, M|12/100\n|turn|31\n|\n|t:|1762572658\n|switch|p2a: Diamoneye|Diamoneye, F|100/100\n|move|p1a: Garganacl|Recover|p1a: Garganacl\n|-heal|p1a: Garganacl|62/100\n|\n|-heal|p1a: Garganacl|69/100|[from] item: Leftovers\n|upkeep\n|turn|32\n|\n|t:|1762572663\n|detailschange|p2a: Diamoneye|Diamoneye-Mega, F\n|-mega|p2a: Diamoneye|Diamoneye|Diamoneyite\n|-ability|p2a: Diamoneye|Unnerve\n|move|p2a: Diamoneye|Nasty Plot|p2a: Diamoneye\n|-boost|p2a: Diamoneye|spa|2\n|move|p1a: Garganacl|Salt Cure|p2a: Diamoneye\n|-damage|p2a: Diamoneye|83/100\n|-start|p2a: Diamoneye|Salt Cure\n|\n|-heal|p1a: Garganacl|75/100|[from] item: Leftovers\n|-damage|p2a: Diamoneye|71/100|[from] Salt Cure\n|upkeep\n|turn|33\n|\n|t:|1762572675\n|move|p2a: Diamoneye|Energy Ball|p1a: Garganacl\n|-supereffective|p1a: Garganacl\n|-damage|p1a: Garganacl|0 fnt\n|faint|p1a: Garganacl\n|\n|-damage|p2a: Diamoneye|58/100|[from] Salt Cure\n|upkeep\n|\n|t:|1762572679\n|switch|p1a: Enamorus|Enamorus, F|100/100\n|turn|34\n|\n|t:|1762572683\n|move|p1a: Enamorus|Moonblast|p2a: Diamoneye\n|-supereffective|p2a: Diamoneye\n|-damage|p2a: Diamoneye|0 fnt\n|faint|p2a: Diamoneye\n|detailschange|p2: Diamoneye|Diamoneye, F|[silent]\n|\n|upkeep\n|\n|t:|1762572686\n|switch|p2a: Aurorus|Aurorus, F|56/100\n|turn|35\n|\n|t:|1762572702\n|move|p1a: Enamorus|Moonblast|p2a: Aurorus\n|-damage|p2a: Aurorus|29/100\n|-unboost|p2a: Aurorus|spa|1\n|move|p2a: Aurorus|Hyper Voice|p1a: Enamorus\n|-supereffective|p1a: Enamorus\n|-damage|p1a: Enamorus|13/100\n|\n|upkeep\n|turn|36\n|\n|t:|1762572715\n|move|p1a: Enamorus|Moonblast|p2a: Aurorus\n|-crit|p2a: Aurorus\n|-damage|p2a: Aurorus|0 fnt\n|faint|p2a: Aurorus\n|\n|upkeep\n|c|☆nimjaishot|unfort\n|\n|t:|1762572721\n|switch|p2a: Ho-Ho|Ho-Ho, M|43/100 tox\n|turn|37\n|\n|t:|1762572724\n|switch|p2a: Reuniclus-Hell|Reuniclus-Hell, M|66/100\n|move|p1a: Enamorus|Moonblast|p2a: Reuniclus-Hell\n|-damage|p2a: Reuniclus-Hell|26/100\n|\n|upkeep\n|turn|38\n|\n|t:|1762572730\n|switch|p2a: Ho-Ho|Ho-Ho, M|77/100 tox\n|move|p1a: Enamorus|Moonblast|p2a: Ho-Ho\n|-resisted|p2a: Ho-Ho\n|-damage|p2a: Ho-Ho|54/100 tox\n|\n|-damage|p2a: Ho-Ho|48/100 tox|[from] psn\n|upkeep\n|turn|39\n|\n|t:|1762572739\n|-terastallize|p2a: Ho-Ho|Fire\n|move|p1a: Enamorus|Moonblast|p2a: Ho-Ho\n|-resisted|p2a: Ho-Ho\n|-damage|p2a: Ho-Ho|26/100 tox\n|-unboost|p2a: Ho-Ho|spa|1\n|move|p2a: Ho-Ho|Sacred Fire|p1a: Enamorus\n|-damage|p1a: Enamorus|0 fnt\n|faint|p1a: Enamorus\n|\n|-damage|p2a: Ho-Ho|14/100 tox|[from] psn\n|upkeep\n|\n|t:|1762572747\n|switch|p1a: Scizor|Scizor, M|54/100\n|turn|40\n|c|☆umbreonreallysucks|gg\n|c|☆nimjaishot|ggs\n|\n|t:|1762572770\n|move|p1a: Scizor|Bullet Punch|p2a: Ho-Ho\n|-resisted|p2a: Ho-Ho\n|-crit|p2a: Ho-Ho\n|-damage|p2a: Ho-Ho|0 fnt\n|faint|p2a: Ho-Ho\n|\n|upkeep\n|c|☆nimjaishot|so many crits\n|c|☆nimjaishot|geez\n|c|☆umbreonreallysucks|bro these crits\n|\n|t:|1762572778\n|switch|p2a: Reuniclus-Hell|Reuniclus-Hell, M|59/100\n|turn|41\n|c|☆nimjaishot|thats what im sayin\n|\n|t:|1762572786\n|move|p1a: Scizor|Bullet Punch|p2a: Reuniclus-Hell\n|-supereffective|p2a: Reuniclus-Hell\n|-damage|p2a: Reuniclus-Hell|0 fnt\n|faint|p2a: Reuniclus-Hell\n|\n|win|nimjaishot\n|c|☆umbreonreallysucks|I got critted out the battle :(\n|c|☆nimjaishot|im sorry man\n","players":["nimjaishot","umbreonreallysucks"],"format":"[Gen 9] NatDex Draft","rating":null,"private":0,"password":null,"inputlog":">version b3b147c8f4adca29c7c31d5fae51aa84fbef57f5\n>start {\"formatid\":\"gen9natdexdraft@@@Tera Type Preview\",\"seed\":\"sodium,0d50ec66d45372553fe848ae169e78f5\"}\n>player p1 {\"name\":\"nimjaishot\",\"avatar\":\"170\",\"team\":\"Garganacl||Leftovers|PurifyingSalt|SaltCure,Earthquake,Recover,Protect|Careful|252,,144,,112,|M||||,,,,,Steel]Swampert||AssaultVest|Torrent|IcePunch,FlipTurn,KnockOff,Earthquake|Careful|252,4,,,252,|F||||,,,,,Water]Scizor||ChoiceBand|Technician|KnockOff,Uturn,BulletPunch,CloseCombat|Adamant|248,252,,,8,|M||||,,,,,Bug]Moltres||HeavyDutyBoots|FlameBody|Toxic,Roost,Uturn,Flamethrower|Bold|248,,252,8,,|N||||,,,,,Fire]Enamorus||ChoiceScarf|CuteCharm|Moonblast,EarthPower,SludgeBomb,TeraBlast|Timid|,,,252,64,192|F||||,,,,,Dark]Queendra||Queendrite|ClearBody|FreezeDry,DracoMeteor,Moonblast,Scald|Timid|,,,252,4,252|F|,0,,,,|||,,,,,Ice\",\"rating\":0}\n>player p2 {\"name\":\"umbreonreallysucks\",\"avatar\":\"101\",\"team\":\"Ho-Ho||ChoiceScarf|Regenerator|SacredFire,BraveBird,DualWingbeat,Earthquake|Jolly|,252,12,,,244|M||||,,,,,Fire]Aurorus||AssaultVest|Refrigerate|HyperVoice,HiddenPowerFire,FreezeDry,AncientPower|Modest|252,,4,252,,|F|,0,,,,|||,Fire,,,,Water]Hariyama||CovertCloak|ThickFat|DrainPunch,RockSlide,HeadlongRush,BulkUp|Adamant|248,252,,,,8|F||||,,,,,Fighting]Diamoneye||Diamoneyite|Prankster|ShadowBall,EnergyBall,FlashCannon,NastyPlot|Timid|80,,36,118,64,210|F|,0,,,,|||,,,,,Ghost]Probenose||Leftovers|Levitate|FlashCannon,Toxic,Recover,RapidSpin|Bold|248,,252,,,|F||||,,,,,Electric]Reuniclus-Hell||AssaultVest|Regenerator|Psychic,GyroBall,GrassKnot,KnockOff|Modest|248,,68,24,168,|M|,,,,,0|||,,,,,Normal\",\"rating\":0}\n>chat ☆umbreonreallysucks|Wow no hands\n>chat ☆umbreonreallysucks|glhf\n>chat ☆nimjaishot|yeah \n>chat ☆nimjaishot|do you wanna know something\n>chat ☆nimjaishot|i put 0 prep into this\n>chat ☆nimjaishot|i was so sick this week\n>chat ☆umbreonreallysucks|Dont say that now Imma look terrible when I lose lmao\n>chat ☆nimjaishot|im ass bro\n>chat ☆nimjaishot|you got it\n>p1 team 5, 2, 3, 4, 1, 6\n>p2 team 2, 1, 3, 4, 5, 6\n>p1 switch 5\n>p2 move hypervoice\n>p1 move saltcure\n>p2 switch 3\n>p1 switch 4\n>p2 move drainpunch\n>chat ☆nimjaishot|not goog\n>p1 move flamethrower\n>p2 switch 3\n>p1 switch 2\n>p2 move ancientpower\n>p1 move knockoff\n>p2 switch 5\n>p1 move flipturn\n>p2 move toxic\n>p1 switch 3\n>p1 move uturn\n>p2 switch 3\n>p1 switch 5\n>p1 move moonblast\n>p2 switch 6\n>p1 switch 3\n>p2 move knockoff\n>p1 move knockoff\n>p2 move grassknot\n>p1 move flipturn\n>p2 move psychic\n>p1 switch 5\n>p1 move knockoff\n>p2 switch 2\n>p1 switch 2\n>p2 move sacredfire\n>p1 move flamethrower\n>p2 switch 5\n>p1 switch 5\n>p2 move hiddenpower\n>p1 move earthquake\n>p2 switch 2\n>p1 move earthquake\n>p2 switch 3\n>p1 move flipturn\n>p2 move flashcannon\n>p1 switch 4\n>p1 switch 4\n>p2 move flashcannon\n>p1 switch 2\n>p1 move closecombat\n>p2 move recover\n>p2 switch 5\n>p1 switch 5\n>p2 move bravebird\n>p1 move roost\n>p2 switch 2\n>p1 switch 4\n>p2 move hypervoice\n>p1 switch 5\n>p2 move hypervoice\n>p1 move bulletpunch\n>p2 switch 2\n>p1 move bulletpunch\n>p2 switch 6\n>chat ☆nimjaishot|first time using scizor \n>chat ☆nimjaishot|last time i used him i ran heat rock sunny day\n>chat ☆nimjaishot|so i dont count that\n>p2 switch 6\n>p1 switch 4\n>p2 move bravebird\n>p1 move toxic\n>p2 move earthquake\n>p1 move roost\n>p2 move bravebird\n>p1 switch 5\n>p1 move recover\n>p2 switch 4\n>p1 move saltcure\n>p2 move nastyplot mega\n>p1 move earthquake\n>p2 move energyball\n>p1 switch 3\n>p1 move moonblast\n>p2 move flashcannon\n>p2 switch 2\n>p1 move moonblast\n>p2 move hypervoice\n>p1 move moonblast\n>p2 move hypervoice\n>chat ☆nimjaishot|unfort\n>p2 switch 4\n>p1 move moonblast\n>p2 switch 3\n>p1 move moonblast\n>p2 switch 3\n>p1 move moonblast\n>p2 move sacredfire terastallize\n>p1 switch 4\n>chat ☆umbreonreallysucks|gg\n>chat ☆nimjaishot|ggs\n>p1 move bulletpunch\n>p2 move sacredfire\n>chat ☆nimjaishot|so many crits\n>chat ☆nimjaishot|geez\n>chat ☆umbreonreallysucks|bro these crits\n>p2 switch 3\n>chat ☆nimjaishot|thats what im sayin\n>p1 move bulletpunch\n>p2 move psychic","uploadtime":1762572819}