{"id":"gen9natdexdraft-117","log":"|j|☆Lonelylitten94\n|j|☆Will0wl\n|t:|1765321111\n|gametype|singles\n|player|p1|Lonelylitten94|1|\n|player|p2|Will0wl|1|\n|gen|9\n|tier|[Gen 9] NatDex Draft\n|rule|Sleep Clause Mod: Limit one foe put to sleep\n|rule|OHKO Clause: OHKO moves are banned\n|rule|Evasion Clause: Evasion abilities, items, and moves are banned\n|rule|Evasion Abilities Clause: Evasion abilities are banned\n|rule|Evasion Items Clause: Evasion items are banned\n|rule|Evasion Moves Clause: Evasion moves are banned\n|rule|Endless Battle Clause: Forcing endless battles is banned\n|rule|HP Percentage Mod: HP is shown in percentages\n|clearpoke\n|poke|p1|Chesnaught, M|\n|poke|p1|Toxapex, F|\n|poke|p1|Heatran, M|\n|poke|p1|Skarmory, M|\n|poke|p1|Roaring Moon|\n|poke|p1|Enamorus, F|\n|poke|p2|Feraligatr, F|\n|poke|p2|Spectrier|\n|poke|p2|Zapdos|\n|poke|p2|Klefki, M|\n|poke|p2|Throh, M|\n|poke|p2|Uxie|\n|teampreview\n|c|☆Will0wl|gl hf\n|c|☆Lonelylitten94|gl hf!\n|j| SadieDraft\n|c| SadieDraft|Gl both of you\n|j| Bigg Lad\n|\n|t:|1765321186\n|teamsize|p1|6\n|teamsize|p2|6\n|start\n|switch|p1a: Heatran|Heatran, M|100/100\n|switch|p2a: Papaya Head|Uxie|100/100\n|turn|1\n|\n|t:|1765321195\n|move|p2a: Papaya Head|Thunder Wave|p1a: Heatran\n|-status|p1a: Heatran|par\n|move|p1a: Heatran|Magma Storm|p2a: Papaya Head|[miss]\n|-miss|p1a: Heatran|p2a: Papaya Head\n|\n|upkeep\n|turn|2\n|\n|t:|1765321206\n|move|p2a: Papaya Head|Stealth Rock|p1a: Heatran\n|-sidestart|p1: Lonelylitten94|move: Stealth Rock\n|cant|p1a: Heatran|par\n|\n|upkeep\n|turn|3\n|\n|t:|1765321210\n|move|p2a: Papaya Head|Knock Off|p1a: Heatran\n|-damage|p1a: Heatran|86/100 par\n|-enditem|p1a: Heatran|Leftovers|[from] move: Knock Off|[of] p2a: Papaya Head\n|move|p1a: Heatran|Stealth Rock|p2a: Papaya Head\n|-sidestart|p2: Will0wl|move: Stealth Rock\n|\n|upkeep\n|turn|4\n|c|☆Lonelylitten94|classic\n|c|☆Lonelylitten94|that was a tough series of events lol\n|c| Bigg Lad|woat heatran :(\n|j| jecotto03\n|c| jecotto03|holy shit will\n|\n|t:|1765321261\n|move|p2a: Papaya Head|U-turn|p1a: Heatran\n|-resisted|p1a: Heatran\n|-damage|p1a: Heatran|83/100 par\n|c| jecotto03|mega gatr???\n|\n|t:|1765321314\n|switch|p2a: Bidet|Feraligatr, F|100/100|[from] U-turn\n|-damage|p2a: Bidet|88/100|[from] Stealth Rock\n|move|p1a: Heatran|Magma Storm|p2a: Bidet\n|-resisted|p2a: Bidet\n|-damage|p2a: Bidet|63/100\n|-activate|p2a: Bidet|move: Magma Storm|[of] p1a: Heatran\n|\n|-damage|p2a: Bidet|50/100|[from] move: Magma Storm|[partiallytrapped]\n|upkeep\n|turn|5\n|c| Bigg Lad|huge chip\n|l| Bigg Lad\n|\n|t:|1765321365\n|switch|p1a: Enamorus|Enamorus, F|100/100\n|-damage|p1a: Enamorus|76/100|[from] Stealth Rock\n|move|p2a: Bidet|Dragon Dance|p2a: Bidet\n|-boost|p2a: Bidet|atk|1\n|-boost|p2a: Bidet|spe|1\n|\n|-end|p2a: Bidet|Magma Storm|[partiallytrapped]|[silent]\n|upkeep\n|turn|6\n|\n|t:|1765321398\n|move|p1a: Enamorus|Moonblast|p2a: Bidet\n|-damage|p2a: Bidet|0 fnt\n|faint|p2a: Bidet\n|\n|upkeep\n|\n|t:|1765321408\n|switch|p2a: WhereRU|Klefki, M|100/100\n|-damage|p2a: WhereRU|95/100|[from] Stealth Rock\n|turn|7\n|\n|t:|1765321430\n|switch|p1a: Skarmory|Skarmory, M|100/100\n|-damage|p1a: Skarmory|88/100|[from] Stealth Rock\n|move|p2a: WhereRU|Thunder Wave|p1a: Skarmory|[miss]\n|-miss|p2a: WhereRU|p1a: Skarmory\n|\n|upkeep\n|turn|8\n|\n|t:|1765321439\n|move|p2a: WhereRU|Thunder Wave|p1a: Skarmory\n|-status|p1a: Skarmory|par\n|move|p1a: Skarmory|Body Press|p2a: WhereRU\n|-damage|p2a: WhereRU|73/100\n|\n|upkeep\n|turn|9\n|\n|t:|1765321449\n|move|p2a: WhereRU|Reflect|p2a: WhereRU\n|-sidestart|p2: Will0wl|Reflect\n|cant|p1a: Skarmory|par\n|\n|upkeep\n|turn|10\n|\n|t:|1765321461\n|switch|p2a: Kreacher|Throh, M|100/100\n|-damage|p2a: Kreacher|94/100|[from] Stealth Rock\n|move|p1a: Skarmory|Defog|p2a: Kreacher\n|-unboost|p2a: Kreacher|evasion|1\n|-sideend|p2: Will0wl|Reflect\n|-sideend|p2: Will0wl|Stealth Rock|[from] move: Defog|[of] p1a: Skarmory\n|-sideend|p1: Lonelylitten94|Stealth Rock|[from] move: Defog|[of] p1a: Skarmory\n|\n|-heal|p2a: Kreacher|100/100|[from] item: Leftovers\n|upkeep\n|turn|11\n|\n|t:|1765321473\n|switch|p1a: Toxapex|Toxapex, F|100/100\n|move|p2a: Kreacher|Knock Off|p1a: Toxapex\n|-damage|p1a: Toxapex|87/100\n|-enditem|p1a: Toxapex|Black Sludge|[from] move: Knock Off|[of] p2a: Kreacher\n|\n|upkeep\n|turn|12\n|\n|t:|1765321484\n|switch|p2a: Papaya Head|Uxie|100/100\n|move|p1a: Toxapex|Knock Off|p2a: Papaya Head\n|-supereffective|p2a: Papaya Head\n|-damage|p2a: Papaya Head|77/100\n|-damage|p1a: Toxapex|71/100|[from] item: Rocky Helmet|[of] p2a: Papaya Head\n|-enditem|p2a: Papaya Head|Rocky Helmet|[from] move: Knock Off|[of] p1a: Toxapex\n|\n|upkeep\n|turn|13\n|\n|t:|1765321499\n|move|p2a: Papaya Head|Thunder Wave|p1a: Toxapex\n|-status|p1a: Toxapex|par\n|move|p1a: Toxapex|Scald|p2a: Papaya Head\n|-damage|p2a: Papaya Head|65/100\n|\n|upkeep\n|turn|14\n|\n|t:|1765321506\n|switch|p1a: Skarmory|Skarmory, M|88/100 par\n|move|p2a: Papaya Head|Stealth Rock|p1a: Skarmory\n|-sidestart|p1: Lonelylitten94|move: Stealth Rock\n|\n|upkeep\n|turn|15\n|\n|t:|1765321514\n|move|p2a: Papaya Head|Knock Off|p1a: Skarmory\n|-damage|p1a: Skarmory|76/100 par\n|-damage|p2a: Papaya Head|49/100|[from] item: Rocky Helmet|[of] p1a: Skarmory\n|-enditem|p1a: Skarmory|Rocky Helmet|[from] move: Knock Off|[of] p2a: Papaya Head\n|move|p1a: Skarmory|Defog|p2a: Papaya Head\n|-unboost|p2a: Papaya Head|evasion|1\n|-sideend|p1: Lonelylitten94|Stealth Rock|[from] move: Defog|[of] p1a: Skarmory\n|\n|upkeep\n|turn|16\n|\n|t:|1765321525\n|move|p2a: Papaya Head|Stealth Rock|p1a: Skarmory\n|-sidestart|p1: Lonelylitten94|move: Stealth Rock\n|move|p1a: Skarmory|Body Press|p2a: Papaya Head\n|-resisted|p2a: Papaya Head\n|-damage|p2a: Papaya Head|39/100\n|\n|upkeep\n|turn|17\n|\n|t:|1765321530\n|move|p2a: Papaya Head|U-turn|p1a: Skarmory\n|-resisted|p1a: Skarmory\n|-damage|p1a: Skarmory|73/100 par\n|\n|t:|1765321539\n|switch|p2a: MC Hammer|Zapdos, shiny|100/100|[from] U-turn\n|cant|p1a: Skarmory|par\n|\n|upkeep\n|turn|18\n|\n|t:|1765321547\n|switch|p1a: Heatran|Heatran, M|83/100 par\n|-damage|p1a: Heatran|70/100 par|[from] Stealth Rock\n|move|p2a: MC Hammer|Discharge|p1a: Heatran\n|-crit|p1a: Heatran\n|-damage|p1a: Heatran|41/100 par\n|\n|upkeep\n|turn|19\n|\n|t:|1765321566\n|move|p2a: MC Hammer|U-turn|p1a: Heatran\n|-resisted|p1a: Heatran\n|-damage|p1a: Heatran|38/100 par\n|\n|t:|1765321571\n|switch|p2a: Kreacher|Throh, M|100/100|[from] U-turn\n|move|p1a: Heatran|Magma Storm|p2a: Kreacher\n|-damage|p2a: Kreacher|75/100\n|-activate|p2a: Kreacher|move: Magma Storm|[of] p1a: Heatran\n|\n|-heal|p2a: Kreacher|81/100|[from] item: Leftovers\n|-damage|p2a: Kreacher|69/100|[from] move: Magma Storm|[partiallytrapped]\n|upkeep\n|turn|20\n|\n|t:|1765321586\n|switch|p1a: Chesnaught|Chesnaught, M|100/100\n|-damage|p1a: Chesnaught|94/100|[from] Stealth Rock\n|move|p2a: Kreacher|Circle Throw|p1a: Chesnaught\n|-damage|p1a: Chesnaught|80/100\n|drag|p1a: Enamorus|Enamorus, F|76/100\n|-damage|p1a: Enamorus|51/100|[from] Stealth Rock\n|\n|-heal|p2a: Kreacher|75/100|[from] item: Leftovers\n|-end|p2a: Kreacher|Magma Storm|[partiallytrapped]|[silent]\n|upkeep\n|turn|21\n|inactive|Battle timer is ON: inactive players will automatically lose when time's up. (requested by Lonelylitten94)\n|\n|t:|1765321621\n|switch|p2a: WhereRU|Klefki, M|73/100\n|move|p1a: Enamorus|Moonblast|p2a: WhereRU\n|-resisted|p2a: WhereRU\n|-damage|p2a: WhereRU|45/100\n|\n|upkeep\n|turn|22\n|j| weedwic\n|\n|t:|1765321643\n|switch|p1a: Skarmory|Skarmory, M|73/100 par\n|-damage|p1a: Skarmory|61/100 par|[from] Stealth Rock\n|move|p2a: WhereRU|Reflect|p2a: WhereRU\n|-sidestart|p2: Will0wl|Reflect\n|\n|upkeep\n|turn|23\n|\n|t:|1765321669\n|switch|p2a: Bojack|Spectrier|100/100\n|move|p1a: Skarmory|Defog|p2a: Bojack\n|-unboost|p2a: Bojack|evasion|1\n|-sideend|p2: Will0wl|Reflect\n|-sideend|p1: Lonelylitten94|Stealth Rock|[from] move: Defog|[of] p1a: Skarmory\n|\n|upkeep\n|turn|24\n|inactive|Will0wl has 270 seconds left.\n|c|☆Lonelylitten94|this horse is about to hex\n|\n|t:|1765321695\n|switch|p1a: Toxapex|Toxapex, F|100/100 par\n|move|p2a: Bojack|Shadow Ball|p1a: Toxapex\n|-damage|p1a: Toxapex|65/100 par\n|\n|upkeep\n|turn|25\n|c|☆Lonelylitten94|nvm\n|\n|t:|1765321703\n|move|p2a: Bojack|Taunt|p1a: Toxapex\n|-start|p1a: Toxapex|move: Taunt\n|cant|p1a: Toxapex|par\n|\n|upkeep\n|turn|26\n|\n|t:|1765321708\n|move|p2a: Bojack|Shadow Ball|p1a: Toxapex\n|-damage|p1a: Toxapex|30/100 par\n|move|p1a: Toxapex|Knock Off|p2a: Bojack\n|-supereffective|p2a: Bojack\n|-enditem|p2a: Bojack|Colbur Berry|[eat]\n|-enditem|p2a: Bojack|Colbur Berry|[weaken]\n|-damage|p2a: Bojack|76/100\n|\n|upkeep\n|turn|27\n|\n|t:|1765321714\n|switch|p1a: Chesnaught|Chesnaught, M|80/100\n|move|p2a: Bojack|Shadow Ball|p1a: Chesnaught\n|-immune|p1a: Chesnaught|[from] ability: Bulletproof\n|\n|upkeep\n|turn|28\n|\n|t:|1765321726\n|switch|p1a: Heatran|Heatran, M|38/100 par\n|move|p2a: Bojack|Will-O-Wisp|p1a: Heatran\n|-start|p1a: Heatran|ability: Flash Fire\n|\n|upkeep\n|turn|29\n|\n|t:|1765321749\n|move|p2a: Bojack|Shadow Ball|p1a: Heatran\n|-damage|p1a: Heatran|8/100 par\n|cant|p1a: Heatran|par\n|\n|upkeep\n|turn|30\n|c|☆Lonelylitten94|i hate this game\n|\n|t:|1765321758\n|move|p2a: Bojack|Shadow Ball|p1a: Heatran\n|-damage|p1a: Heatran|0 fnt\n|faint|p1a: Heatran\n|-ability|p2a: Bojack|Grim Neigh|boost\n|-boost|p2a: Bojack|spa|1\n|\n|upkeep\n|\n|t:|1765321763\n|switch|p1a: Roaring Moon|Roaring Moon|100/100\n|-enditem|p1a: Roaring Moon|Booster Energy\n|-activate|p1a: Roaring Moon|ability: Protosynthesis|[fromitem]\n|-start|p1a: Roaring Moon|protosynthesisatk\n|turn|31\n|\n|t:|1765321778\n|move|p2a: Bojack|Draining Kiss|p1a: Roaring Moon\n|-supereffective|p1a: Roaring Moon\n|-damage|p1a: Roaring Moon|0 fnt\n|-heal|p2a: Bojack|100/100|[from] drain|[of] p1a: Roaring Moon\n|faint|p1a: Roaring Moon\n|-end|p1a: Roaring Moon|Protosynthesis|[silent]\n|-ability|p2a: Bojack|Grim Neigh|boost\n|-boost|p2a: Bojack|spa|1\n|\n|upkeep\n|\n|t:|1765321787\n|switch|p1a: Enamorus|Enamorus, F|51/100\n|turn|32\n|c|☆Lonelylitten94|welp\n|\n|t:|1765321798\n|move|p1a: Enamorus|Moonblast|p2a: Bojack\n|-damage|p2a: Bojack|43/100\n|move|p2a: Bojack|Shadow Ball|p1a: Enamorus\n|-damage|p1a: Enamorus|0 fnt\n|faint|p1a: Enamorus\n|-ability|p2a: Bojack|Grim Neigh|boost\n|-boost|p2a: Bojack|spa|1\n|\n|upkeep\n|c|☆Lonelylitten94|taken out by para spam\n|c|☆Lonelylitten94|gg\n|\n|t:|1765321807\n|switch|p1a: Chesnaught|Chesnaught, M|80/100\n|turn|33\n|\n|t:|1765321810\n|move|p2a: Bojack|Draining Kiss|p1a: Chesnaught\n|-supereffective|p1a: Chesnaught\n|-damage|p1a: Chesnaught|13/100\n|-heal|p2a: Bojack|99/100|[from] drain|[of] p1a: Chesnaught\n|move|p1a: Chesnaught|Knock Off|p2a: Bojack\n|-supereffective|p2a: Bojack\n|-damage|p2a: Bojack|55/100\n|\n|upkeep\n|turn|34\n|\n|t:|1765321818\n|detailschange|p1a: Chesnaught|Chesnaught-Mega-ZA, M\n|-mega|p1a: Chesnaught|Chesnaught|ChesnaughtiteZA\n|move|p2a: Bojack|Draining Kiss|p1a: Chesnaught\n|-supereffective|p1a: Chesnaught\n|-damage|p1a: Chesnaught|0 fnt\n|-heal|p2a: Bojack|65/100|[from] drain|[of] p1a: Chesnaught\n|faint|p1a: Chesnaught\n|detailschange|p1: Chesnaught|Chesnaught, M|[silent]\n|-ability|p2a: Bojack|Grim Neigh|boost\n|-boost|p2a: Bojack|spa|1\n|\n|upkeep\n|\n|t:|1765321821\n|switch|p1a: Skarmory|Skarmory, M|61/100 par\n|turn|35\n|\n|t:|1765321828\n|move|p2a: Bojack|Shadow Ball|p1a: Skarmory\n|-damage|p1a: Skarmory|0 fnt\n|faint|p1a: Skarmory\n|-ability|p2a: Bojack|Grim Neigh|boost\n|-boost|p2a: Bojack|spa|1\n|\n|upkeep\n|\n|t:|1765321830\n|switch|p1a: Toxapex|Toxapex, F|63/100 par\n|turn|36\n|\n|t:|1765321835\n|move|p2a: Bojack|Shadow Ball|p1a: Toxapex\n|-damage|p1a: Toxapex|0 fnt\n|faint|p1a: Toxapex\n|\n|win|Will0wl\n|c|☆Will0wl|gg\n|c|☆Lonelylitten94|man that maga gets off\n|c|☆Lonelylitten94|i think i win\n|l| weedwic\n","players":["Lonelylitten94","Will0wl"],"format":"[Gen 9] NatDex Draft","rating":null,"private":0,"password":null,"inputlog":">version bdb4a0036935f39b98925754afcd47960889aa4d\n>start {\"formatid\":\"gen9natdexdraft\",\"seed\":\"sodium,80656a556735abc5647cbb78e12aebeb\"}\n>player p1 {\"name\":\"Lonelylitten94\",\"avatar\":\"1\",\"team\":\"Chesnaught||ChesnaughtiteZA|Bulletproof|Spikes,KnockOff,BodyPress,Synthesis|Careful|252,,,,252,|M||||,,,,,Grass]Toxapex||BlackSludge|Regenerator|KnockOff,Haze,Scald,Recover|Impish|252,4,252,,,|F||||,,,,,Poison]Heatran||Leftovers|FlashFire|MagmaStorm,StealthRock,Protect,Taunt|Calm|252,,,4,252,|M|,0,,,,|||,,,,,Fire]Skarmory||RockyHelmet|Sturdy|Defog,Whirlwind,BodyPress,Roost|Calm|252,,,,232,24|M|,0,,,,|||,,,,,Steel]Roaring Moon||BoosterEnergy|Protosynthesis|DragonDance,KnockOff,Earthquake,DragonClaw|Adamant|36,252,,,,220|N||||,,,,,Dragon]Enamorus||ChoiceScarf|Contrary|Moonblast,EarthPower,Superpower,HealingWish|Hasty|,4,,252,,252|F||||,,,,,Fairy\",\"rating\":0}\n>player p2 {\"name\":\"Will0wl\",\"avatar\":\"1\",\"team\":\"Bidet|Feraligatr|FeraligiteZA|SheerForce|IcePunch,Liquidation,DragonDance,DragonTail|Adamant|,252,4,,,252|F||||,,,,,Water]Bojack|Spectrier|ColburBerry|GrimNeigh|Taunt,ShadowBall,DrainingKiss,WillOWisp|Timid|4,,,252,,252|N|,0,,,,|||,,,,,Ghost]MC Hammer|Zapdos|RockyHelmet|Static|Uturn,Discharge,Roost,Hurricane|Bold|252,,252,,,|N||S||,,,,,Electric]WhereRU|Klefki|LightClay|Prankster|Spikes,Reflect,PlayRough,ThunderWave|Bold|252,,252,,4,|M||||,,,,,Steel]Kreacher|Throh|Leftovers|Guts|Rest,SleepTalk,CircleThrow,KnockOff|Careful|252,,,,252,|M||||,,,,,Fighting]Papaya Head|Uxie|RockyHelmet|Levitate|StealthRock,Uturn,KnockOff,ThunderWave|Jolly|252,,24,,,232|N||||,,,,,Psychic\",\"rating\":0}\n>chat ☆Will0wl|gl hf\n>chat ☆Lonelylitten94|gl hf!\n>chat  SadieDraft|Gl both of you\n>p1 team 3, 2, 1, 4, 5, 6\n>p2 team 6, 2, 3, 4, 5, 1\n>p1 move magmastorm\n>p2 move thunderwave\n>p1 move stealthrock\n>p2 move stealthrock\n>p1 move stealthrock\n>p2 move knockoff\n>chat ☆Lonelylitten94|classic\n>chat ☆Lonelylitten94|that was a tough series of events lol\n>chat  Bigg Lad|woat heatran :(\n>chat  jecotto03|holy shit will\n>p1 move magmastorm\n>p2 move uturn\n>chat  jecotto03|mega gatr???\n>p2 switch 6\n>chat  Bigg Lad|huge chip\n>p1 switch 6\n>p2 move dragondance\n>p1 move moonblast\n>p2 move icepunch\n>p2 switch 4\n>p1 switch 4\n>p2 move thunderwave\n>p1 move bodypress\n>p2 move thunderwave\n>p1 move defog\n>p2 move reflect\n>p1 move defog\n>p2 switch 5\n>p1 switch 2\n>p2 move knockoff\n>p1 move knockoff\n>p2 switch 6\n>p1 move scald\n>p2 move thunderwave\n>p1 switch 2\n>p2 move stealthrock\n>p1 move defog\n>p2 move knockoff\n>p1 move bodypress\n>p2 move stealthrock\n>p1 move defog\n>p2 move uturn\n>p2 switch 3\n>p1 switch 6\n>p2 move discharge\n>p1 move magmastorm\n>p2 move uturn\n>p2 switch 6\n>p1 switch 3\n>p2 move circlethrow\n>p1 move moonblast\n>p2 switch 5\n>p1 switch 6\n>p2 move reflect\n>p1 move defog\n>p2 switch 2\n>chat ☆Lonelylitten94|this horse is about to hex\n>p1 switch 2\n>p2 move shadowball\n>chat ☆Lonelylitten94|nvm\n>p1 move knockoff\n>p2 move taunt\n>p1 move knockoff\n>p2 move shadowball\n>p1 switch 4\n>p2 move shadowball\n>p1 switch 3\n>p2 move willowisp\n>p1 move magmastorm\n>p2 move shadowball\n>chat ☆Lonelylitten94|i hate this game\n>p1 move magmastorm\n>p2 move shadowball\n>p1 switch 5\n>p1 move dragondance\n>p2 move drainingkiss\n>p1 switch 6\n>chat ☆Lonelylitten94|welp\n>p1 move moonblast\n>p2 move shadowball\n>chat ☆Lonelylitten94|taken out by para spam\n>chat ☆Lonelylitten94|gg\n>p1 switch 3\n>p1 move knockoff\n>p2 move drainingkiss\n>p1 move knockoff mega\n>p2 move drainingkiss\n>p1 switch 2\n>p1 move whirlwind\n>p2 move shadowball\n>p1 switch 4\n>p1 move haze\n>p2 move shadowball","uploadtime":1765321854}