{"id":"gen9natdexdraft-399","log":"|j|☆gymleadergrimmettz\n|j|☆terrabite\n|t:|1768087324\n|gametype|singles\n|player|p1|gymleadergrimmettz|169|\n|player|p2|terrabite|2|\n|gen|9\n|tier|[Gen 9] NatDex Draft\n|rule|Sleep Clause Mod: Limit one foe put to sleep\n|rule|OHKO Clause: OHKO moves are banned\n|rule|Evasion Clause: Evasion abilities, items, and moves are banned\n|rule|Evasion Abilities Clause: Evasion abilities are banned\n|rule|Evasion Items Clause: Evasion items are banned\n|rule|Evasion Moves Clause: Evasion moves are banned\n|rule|Endless Battle Clause: Forcing endless battles is banned\n|rule|HP Percentage Mod: HP is shown in percentages\n|clearpoke\n|poke|p1|Delphox, M|\n|poke|p1|Quaquaval, F|\n|poke|p1|Empoleon, M|\n|poke|p1|Ribombee, M|\n|poke|p1|Roaring Moon|\n|poke|p1|Gliscor, F|\n|poke|p2|Spectrier|\n|poke|p2|Thundurus, M|\n|poke|p2|Ogerpon-Wellspring, F|\n|poke|p2|Glimmora, F|\n|poke|p2|Gastrodon, F|\n|poke|p2|Scizor, M|\n|teampreview\n|c|☆terrabite|hf\n|c|☆gymleadergrimmettz|glhf\n|\n|t:|1768087356\n|teamsize|p1|6\n|teamsize|p2|6\n|start\n|switch|p1a: Empoleon|Empoleon, M|100/100\n|switch|p2a: Glimmora|Glimmora, F|100/100\n|-item|p2a: Glimmora|Air Balloon\n|turn|1\n|\n|t:|1768087372\n|switch|p2a: Gastrodon|Gastrodon, F|100/100\n|move|p1a: Empoleon|Stealth Rock|p2a: Gastrodon\n|-sidestart|p2: terrabite|move: Stealth Rock\n|\n|upkeep\n|turn|2\n|\n|t:|1768087389\n|switch|p1a: Ribombee|Ribombee, M|100/100\n|move|p2a: Gastrodon|Earth Power|p1a: Ribombee\n|-resisted|p1a: Ribombee\n|-damage|p1a: Ribombee|78/100\n|\n|upkeep\n|turn|3\n|\n|t:|1768087399\n|switch|p2a: Glimmora|Glimmora, F|100/100\n|-damage|p2a: Glimmora|88/100|[from] Stealth Rock\n|-item|p2a: Glimmora|Air Balloon\n|move|p1a: Ribombee|Sticky Web|p2a: Glimmora\n|-sidestart|p2: terrabite|move: Sticky Web\n|\n|upkeep\n|turn|4\n|\n|t:|1768087412\n|switch|p1a: Empoleon|Empoleon, M|100/100\n|move|p2a: Glimmora|Stealth Rock|p1a: Empoleon\n|-sidestart|p1: gymleadergrimmettz|move: Stealth Rock\n|\n|upkeep\n|turn|5\n|\n|t:|1768087440\n|switch|p2a: Ogerpon|Ogerpon-Wellspring, F|100/100\n|-damage|p2a: Ogerpon|88/100|[from] Stealth Rock\n|-activate|p2a: Ogerpon|move: Sticky Web\n|-unboost|p2a: Ogerpon|spe|1\n|move|p1a: Empoleon|Flip Turn|p2a: Ogerpon\n|-heal|p2a: Ogerpon|100/100|[from] ability: Water Absorb|[of] p1a: Empoleon\n|\n|upkeep\n|turn|6\n|\n|t:|1768087459\n|switch|p1a: Ribombee|Ribombee, M|78/100\n|move|p2a: Ogerpon|Knock Off|p1a: Ribombee\n|-resisted|p1a: Ribombee\n|-damage|p1a: Ribombee|42/100\n|-enditem|p1a: Ribombee|Heavy-Duty Boots|[from] move: Knock Off|[of] p2a: Ogerpon\n|\n|upkeep\n|turn|7\n|\n|t:|1768087480\n|switch|p2a: Glimmora|Glimmora, F|88/100\n|-damage|p2a: Glimmora|76/100|[from] Stealth Rock\n|-item|p2a: Glimmora|Air Balloon\n|move|p1a: Ribombee|Energy Ball|p2a: Glimmora\n|-damage|p2a: Glimmora|44/100\n|-enditem|p2a: Glimmora|Air Balloon\n|\n|upkeep\n|turn|8\n|\n|t:|1768087494\n|move|p1a: Ribombee|Energy Ball|p2a: Glimmora\n|-damage|p2a: Glimmora|11/100\n|move|p2a: Glimmora|Earth Power|p1a: Ribombee\n|-resisted|p1a: Ribombee\n|-damage|p1a: Ribombee|15/100\n|\n|upkeep\n|turn|9\n|\n|t:|1768087509\n|move|p1a: Ribombee|Energy Ball|p2a: Glimmora\n|-damage|p2a: Glimmora|0 fnt\n|faint|p2a: Glimmora\n|\n|upkeep\n|\n|t:|1768087518\n|switch|p2a: Scizor|Scizor, M|100/100\n|turn|10\n|\n|t:|1768087525\n|move|p1a: Ribombee|Stun Spore|p2a: Scizor\n|-status|p2a: Scizor|par\n|move|p2a: Scizor|U-turn|p1a: Ribombee\n|-resisted|p1a: Ribombee\n|-damage|p1a: Ribombee|0 fnt\n|faint|p1a: Ribombee\n|\n|t:|1768087535\n|switch|p2a: Gastrodon|Gastrodon, F|100/100|[from] U-turn\n|-damage|p2a: Gastrodon|94/100|[from] Stealth Rock\n|-activate|p2a: Gastrodon|move: Sticky Web\n|-unboost|p2a: Gastrodon|spe|1\n|\n|-heal|p2a: Gastrodon|100/100|[from] item: Leftovers\n|upkeep\n|\n|t:|1768087550\n|switch|p1a: Delphox|Delphox, M|100/100\n|-damage|p1a: Delphox|76/100|[from] Stealth Rock\n|turn|11\n|\n|t:|1768087563\n|detailschange|p1a: Delphox|Delphox-Mega-ZA, M\n|-mega|p1a: Delphox|Delphox|DelphoxiteZA\n|move|p1a: Delphox|Calm Mind|p1a: Delphox\n|-boost|p1a: Delphox|spa|1\n|-boost|p1a: Delphox|spd|1\n|move|p2a: Gastrodon|Earth Power|p1a: Delphox\n|-supereffective|p1a: Delphox\n|-damage|p1a: Delphox|38/100\n|\n|upkeep\n|turn|12\n|\n|t:|1768087594\n|move|p1a: Delphox|Grass Knot|p2a: Gastrodon\n|-supereffective|p2a: Gastrodon\n|-damage|p2a: Gastrodon|0 fnt\n|faint|p2a: Gastrodon\n|\n|upkeep\n|\n|t:|1768087627\n|switch|p2a: Ogerpon|Ogerpon-Wellspring, F|100/100\n|-damage|p2a: Ogerpon|88/100|[from] Stealth Rock\n|-activate|p2a: Ogerpon|move: Sticky Web\n|-unboost|p2a: Ogerpon|spe|1\n|turn|13\n|\n|t:|1768087645\n|move|p1a: Delphox|Fire Blast|p2a: Ogerpon\n|-damage|p2a: Ogerpon|0 fnt\n|faint|p2a: Ogerpon\n|\n|upkeep\n|\n|t:|1768087649\n|switch|p2a: Spectrier|Spectrier|100/100\n|-damage|p2a: Spectrier|88/100|[from] Stealth Rock\n|-activate|p2a: Spectrier|move: Sticky Web\n|-unboost|p2a: Spectrier|spe|1\n|turn|14\n|\n|t:|1768087669\n|move|p1a: Delphox|Fire Blast|p2a: Spectrier|[miss]\n|-miss|p1a: Delphox|p2a: Spectrier\n|move|p2a: Spectrier|Shadow Ball|p1a: Delphox\n|-supereffective|p1a: Delphox\n|-damage|p1a: Delphox|0 fnt\n|faint|p1a: Delphox\n|detailschange|p1: Delphox|Delphox, M|[silent]\n|-ability|p2a: Spectrier|Grim Neigh|boost\n|-boost|p2a: Spectrier|spa|1\n|\n|upkeep\n|\n|t:|1768087761\n|switch|p1a: Gliscor|Gliscor, F|100/100\n|-damage|p1a: Gliscor|88/100|[from] Stealth Rock\n|turn|15\n|\n|t:|1768087766\n|move|p2a: Spectrier|Shadow Ball|p1a: Gliscor\n|-damage|p1a: Gliscor|18/100\n|move|p1a: Gliscor|Swords Dance|p1a: Gliscor\n|-boost|p1a: Gliscor|atk|2\n|\n|-status|p1a: Gliscor|tox|[from] item: Toxic Orb\n|upkeep\n|turn|16\n|\n|t:|1768087807\n|switch|p1a: Roaring Moon|Roaring Moon|100/100\n|-damage|p1a: Roaring Moon|88/100|[from] Stealth Rock\n|-enditem|p1a: Roaring Moon|Booster Energy\n|-activate|p1a: Roaring Moon|ability: Protosynthesis|[fromitem]\n|-start|p1a: Roaring Moon|protosynthesisatk\n|move|p2a: Spectrier|Shadow Ball|p1a: Roaring Moon\n|-resisted|p1a: Roaring Moon\n|-damage|p1a: Roaring Moon|55/100\n|\n|upkeep\n|turn|17\n|\n|t:|1768087817\n|switch|p2a: Scizor|Scizor, M|100/100 par\n|move|p1a: Roaring Moon|Dragon Dance|p1a: Roaring Moon\n|-boost|p1a: Roaring Moon|atk|1\n|-boost|p1a: Roaring Moon|spe|1\n|\n|upkeep\n|turn|18\n|\n|t:|1768087852\n|move|p2a: Scizor|Bullet Punch|p1a: Roaring Moon\n|-damage|p1a: Roaring Moon|28/100\n|move|p1a: Roaring Moon|Knock Off|p2a: Scizor\n|-damage|p2a: Scizor|0 fnt\n|-enditem|p2a: Scizor|Heavy-Duty Boots|[from] move: Knock Off|[of] p1a: Roaring Moon\n|faint|p2a: Scizor\n|\n|upkeep\n|\n|t:|1768087857\n|switch|p2a: Thundurus|Thundurus, M|100/100\n|turn|19\n|\n|t:|1768087862\n|move|p1a: Roaring Moon|Knock Off|p2a: Thundurus\n|-damage|p2a: Thundurus|0 fnt\n|-enditem|p2a: Thundurus|Heavy-Duty Boots|[from] move: Knock Off|[of] p1a: Roaring Moon\n|faint|p2a: Thundurus\n|\n|upkeep\n|\n|t:|1768087864\n|switch|p2a: Spectrier|Spectrier|88/100\n|-damage|p2a: Spectrier|76/100|[from] Stealth Rock\n|-activate|p2a: Spectrier|move: Sticky Web\n|-unboost|p2a: Spectrier|spe|1\n|turn|20\n|c|☆terrabite|gg\n|\n|t:|1768087871\n|move|p1a: Roaring Moon|Knock Off|p2a: Spectrier\n|-supereffective|p2a: Spectrier\n|-damage|p2a: Spectrier|0 fnt\n|-enditem|p2a: Spectrier|Choice Scarf|[from] move: Knock Off|[of] p1a: Roaring Moon\n|faint|p2a: Spectrier\n|\n|win|gymleadergrimmettz\n|c|☆gymleadergrimmettz|gg\n|l|☆terrabite\n|player|p2|\n|l|☆gymleadergrimmettz\n|player|p1|\n","players":["gymleadergrimmettz","terrabite"],"format":"[Gen 9] NatDex Draft","rating":null,"private":0,"password":null,"inputlog":">version 0d0a8c252a1f8ab806681f673fdafaf34a87df55\n>start {\"formatid\":\"gen9natdexdraft\",\"seed\":\"sodium,6b018c2597db5da3e7bc9f4575e47570\"}\n>player p1 {\"name\":\"gymleadergrimmettz\",\"avatar\":\"169\",\"team\":\"Delphox||DelphoxiteZA|Blaze|FireBlast,ShadowBall,GrassKnot,CalmMind|Timid|32,,,252,,224|M|,0,,,,|||,,,,,Fire]Quaquaval||RindoBerry|Moxie|SwordsDance,IceSpinner,BraveBird,AquaStep|Adamant|,252,,,4,252|F||||,,,,,Water]Empoleon||ChopleBerry|Competitive|StealthRock,Scald,FlipTurn,Roost|Bold|248,,152,,8,100|M||||,,,,,Water]Ribombee||HeavyDutyBoots|ShieldDust|Moonblast,EnergyBall,StunSpore,StickyWeb|Timid|104,,,252,,152|M|,0,,,,|||,,,,,Bug]Roaring Moon||BoosterEnergy|Protosynthesis|Acrobatics,KnockOff,DragonDance|Jolly|64,252,,,,192|N||||,,,,,Dragon]Gliscor||ToxicOrb|PoisonHeal|DualWingbeat,StoneEdge,SwordsDance,RockPolish|Jolly|248,140,,,64,56|F||||,,,,,Ground\",\"rating\":0}\n>player p2 {\"name\":\"terrabite\",\"avatar\":\"2\",\"team\":\"Spectrier||ChoiceScarf|GrimNeigh|ShadowBall,DrainingKiss,Hex,Haze|Timid|40,,,252,,216|N|,0,,,,|||,,,,,Ghost]Thundurus||HeavyDutyBoots|Defiant|Uturn,WildCharge,KnockOff,Acrobatics|Adamant|252,252,,,4,|M||||,,,,,Electric]Ogerpon|OgerponWellspring|WellspringMask|WaterAbsorb|Trailblaze,IvyCudgel,PlayRough,KnockOff|Adamant|200,252,,,,56|F||||,Poison,,,,Water]Glimmora||AirBalloon|ToxicDebris|StealthRock,ToxicSpikes,EarthPower,MortalSpin|Timid|8,,,252,,248|F||||,,,,,Rock]Gastrodon||Leftovers|StormDrain|IceBeam,EarthPower,ClearSmog,Recover|Bold|252,,252,4,,|F|,0,,,,|||,,,,,Water]Scizor||HeavyDutyBoots|Swarm|Uturn,Roost,BulletPunch,KnockOff|Adamant|248,132,,,128,|M||||,,,,,Bug\",\"rating\":0}\n>chat ☆terrabite|hf\n>chat ☆gymleadergrimmettz|glhf\n>p1 team 3, 2, 1, 4, 5, 6\n>p2 team 4, 2, 3, 1, 5, 6\n>p1 move stealthrock\n>p2 switch 5\n>p1 switch 4\n>p2 move earthpower\n>p1 move stickyweb\n>p2 switch 5\n>p1 switch 4\n>p2 move stealthrock\n>p1 move flipturn\n>p2 switch 3\n>p1 switch 4\n>p2 move knockoff\n>p1 move energyball\n>p2 switch 3\n>p1 move energyball\n>p2 move earthpower\n>p1 move energyball\n>p2 move earthpower\n>p2 switch 6\n>p1 move stunspore\n>p2 move uturn\n>p2 switch 5\n>p1 switch 3\n>p1 move calmmind mega\n>p2 move earthpower\n>p1 move grassknot\n>p2 move clearsmog\n>p2 switch 3\n>p1 move fireblast\n>p2 move ivycudgel\n>p2 switch 4\n>p1 move fireblast\n>p2 move shadowball\n>p1 switch 6\n>p1 move swordsdance\n>p2 move shadowball\n>p1 switch 5\n>p2 move shadowball\n>p1 move dragondance\n>p2 switch 5\n>p1 move knockoff\n>p2 move bulletpunch\n>p2 switch 2\n>p1 move knockoff\n>p2 move uturn\n>p2 switch 5\n>chat ☆terrabite|gg\n>p1 move knockoff\n>p2 move shadowball","uploadtime":1768087935}