{"id":"gen9natdexdraft-221","log":"|j|☆Kfp4\n|j|☆roma472\n|t:|1766363231\n|gametype|singles\n|player|p1|Kfp4|170|\n|player|p2|roma472|170|\n|gen|9\n|tier|[Gen 9] NatDex Draft\n|rule|Sleep Clause Mod: Limit one foe put to sleep\n|rule|OHKO Clause: OHKO moves are banned\n|rule|Evasion Clause: Evasion abilities, items, and moves are banned\n|rule|Evasion Abilities Clause: Evasion abilities are banned\n|rule|Evasion Items Clause: Evasion items are banned\n|rule|Evasion Moves Clause: Evasion moves are banned\n|rule|Endless Battle Clause: Forcing endless battles is banned\n|rule|HP Percentage Mod: HP is shown in percentages\n|clearpoke\n|poke|p1|Amoonguss, F|\n|poke|p1|Rotom|\n|poke|p1|Garchomp, F|\n|poke|p1|Iron Valiant|\n|poke|p1|Scizor, M|\n|poke|p1|Arcanine-Hisui, M|\n|poke|p2|Hawlucha, M|\n|poke|p2|Slowbro, M|\n|poke|p2|Heatran, F|\n|poke|p2|Ferrothorn, F|\n|poke|p2|Palafin, M|\n|poke|p2|Mismagius, F|\n|teampreview\n|c|☆roma472|glhf\n|\n|t:|1766363309\n|teamsize|p1|6\n|teamsize|p2|6\n|start\n|switch|p1a: Rotom|Rotom|100/100\n|switch|p2a: Mismagius|Mismagius, F|100/100\n|turn|1\n|c|☆Kfp4|Glhf!\n|\n|t:|1766363328\n|switch|p1a: Garchomp|Garchomp, F|100/100\n|move|p2a: Mismagius|Taunt|p1a: Garchomp\n|-start|p1a: Garchomp|move: Taunt\n|\n|upkeep\n|turn|2\n|\n|t:|1766363349\n|move|p2a: Mismagius|Will-O-Wisp|p1a: Garchomp\n|-status|p1a: Garchomp|brn\n|move|p1a: Garchomp|Dragon Tail|p2a: Mismagius\n|-damage|p2a: Mismagius|73/100\n|drag|p2a: Slowbro|Slowbro, M|100/100\n|\n|-damage|p1a: Garchomp|94/100 brn|[from] brn\n|upkeep\n|turn|3\n|\n|t:|1766363364\n|switch|p1a: Rotom|Rotom|100/100\n|move|p2a: Slowbro|Teleport|p2a: Slowbro\n|\n|t:|1766363399\n|switch|p2a: Ferrothorn|Ferrothorn, F|100/100|[from] Teleport\n|\n|upkeep\n|turn|4\n|\n|t:|1766363409\n|move|p1a: Rotom|Shadow Ball|p2a: Ferrothorn\n|-damage|p2a: Ferrothorn|69/100\n|-unboost|p2a: Ferrothorn|spd|1\n|move|p2a: Ferrothorn|Knock Off|p1a: Rotom\n|-supereffective|p1a: Rotom\n|-enditem|p1a: Rotom|Colbur Berry|[eat]\n|-enditem|p1a: Rotom|Colbur Berry|[weaken]\n|-damage|p1a: Rotom|64/100\n|\n|upkeep\n|turn|5\n|\n|t:|1766363434\n|move|p1a: Rotom|Shadow Ball|p2a: Ferrothorn\n|-damage|p2a: Ferrothorn|28/100\n|move|p2a: Ferrothorn|Spikes|p1a: Rotom\n|-sidestart|p1: Kfp4|Spikes\n|\n|upkeep\n|turn|6\n|\n|t:|1766363472\n|move|p1a: Rotom|Defog|p2a: Ferrothorn\n|-unboost|p2a: Ferrothorn|evasion|1\n|-sideend|p1: Kfp4|Spikes|[from] move: Defog|[of] p1a: Rotom\n|move|p2a: Ferrothorn|Spikes|p1a: Rotom\n|-sidestart|p1: Kfp4|Spikes\n|\n|upkeep\n|turn|7\n|\n|t:|1766363481\n|move|p1a: Rotom|Defog|p2a: Ferrothorn\n|-unboost|p2a: Ferrothorn|evasion|1\n|-sideend|p1: Kfp4|Spikes|[from] move: Defog|[of] p1a: Rotom\n|move|p2a: Ferrothorn|Spikes|p1a: Rotom\n|-sidestart|p1: Kfp4|Spikes\n|\n|upkeep\n|turn|8\n|\n|t:|1766363489\n|move|p1a: Rotom|Defog|p2a: Ferrothorn\n|-unboost|p2a: Ferrothorn|evasion|1\n|-sideend|p1: Kfp4|Spikes|[from] move: Defog|[of] p1a: Rotom\n|move|p2a: Ferrothorn|Spikes|p1a: Rotom\n|-sidestart|p1: Kfp4|Spikes\n|\n|upkeep\n|turn|9\n|\n|t:|1766363498\n|move|p1a: Rotom|Defog|p2a: Ferrothorn\n|-unboost|p2a: Ferrothorn|evasion|1\n|-sideend|p1: Kfp4|Spikes|[from] move: Defog|[of] p1a: Rotom\n|move|p2a: Ferrothorn|Spikes|p1a: Rotom\n|-sidestart|p1: Kfp4|Spikes\n|\n|upkeep\n|turn|10\n|\n|t:|1766363503\n|move|p1a: Rotom|Shadow Ball|p2a: Ferrothorn\n|-damage|p2a: Ferrothorn|0 fnt\n|faint|p2a: Ferrothorn\n|\n|upkeep\n|\n|t:|1766363525\n|switch|p2a: Heatran|Heatran, F|100/100\n|turn|11\n|j| CretaceousDraconid\n|\n|t:|1766363533\n|move|p2a: Heatran|Eruption|p1a: Rotom\n|-crit|p1a: Rotom\n|-damage|p1a: Rotom|0 fnt\n|faint|p1a: Rotom\n|\n|upkeep\n|\n|t:|1766363536\n|switch|p1a: Arcanine|Arcanine-Hisui, M|100/100\n|turn|12\n|l| CretaceousDraconid\n|\n|t:|1766363559\n|switch|p2a: Slowbro|Slowbro, M|100/100\n|switch|p1a: Garchomp|Garchomp, F|94/100 brn\n|-damage|p1a: Garchomp|82/100 brn|[from] Spikes\n|\n|-heal|p1a: Garchomp|88/100 brn|[from] item: Leftovers\n|-damage|p1a: Garchomp|82/100 brn|[from] brn\n|upkeep\n|turn|13\n|\n|t:|1766363572\n|move|p1a: Garchomp|Stealth Rock|p2a: Slowbro\n|-sidestart|p2: roma472|move: Stealth Rock\n|move|p2a: Slowbro|Teleport|p2a: Slowbro\n|\n|t:|1766363577\n|switch|p2a: Palafin|Palafin, M|100/100|[from] Teleport\n|-damage|p2a: Palafin|88/100|[from] Stealth Rock\n|\n|-heal|p1a: Garchomp|88/100 brn|[from] item: Leftovers\n|-damage|p1a: Garchomp|82/100 brn|[from] brn\n|upkeep\n|turn|14\n|\n|t:|1766363585\n|detailschange|p2a: Palafin|Palafin-Hero, M\n|switch|p2a: Slowbro|Slowbro, M|100/100\n|-damage|p2a: Slowbro|88/100|[from] Stealth Rock\n|move|p1a: Garchomp|Spikes|p2a: Slowbro\n|-sidestart|p2: roma472|Spikes\n|\n|-heal|p1a: Garchomp|88/100 brn|[from] item: Leftovers\n|-heal|p2a: Slowbro|94/100|[from] item: Leftovers\n|-damage|p1a: Garchomp|82/100 brn|[from] brn\n|upkeep\n|turn|15\n|\n|t:|1766363621\n|move|p1a: Garchomp|Spikes|p2a: Slowbro\n|-sidestart|p2: roma472|Spikes\n|move|p2a: Slowbro|Teleport|p2a: Slowbro\n|\n|t:|1766363626\n|switch|p2a: Palafin|Palafin-Hero, M|88/100|[from] Teleport\n|-damage|p2a: Palafin|76/100|[from] Stealth Rock\n|-damage|p2a: Palafin|59/100|[from] Spikes\n|-activate|p2a: Palafin|ability: Zero to Hero\n|\n|-heal|p1a: Garchomp|88/100 brn|[from] item: Leftovers\n|-damage|p1a: Garchomp|82/100 brn|[from] brn\n|upkeep\n|turn|16\n|\n|t:|1766363651\n|switch|p1a: Amoonguss|Amoonguss, F|100/100\n|-damage|p1a: Amoonguss|88/100|[from] Spikes\n|move|p2a: Palafin|Ice Punch|p1a: Amoonguss\n|-supereffective|p1a: Amoonguss\n|-damage|p1a: Amoonguss|39/100\n|-damage|p2a: Palafin|43/100|[from] item: Rocky Helmet|[of] p1a: Amoonguss\n|\n|upkeep\n|turn|17\n|\n|t:|1766363687\n|switch|p1a: Scizor|Scizor, M|100/100\n|-damage|p1a: Scizor|88/100|[from] Spikes\n|move|p2a: Palafin|Ice Punch|p1a: Scizor\n|-resisted|p1a: Scizor\n|-damage|p1a: Scizor|71/100\n|\n|upkeep\n|turn|18\n|\n|t:|1766363697\n|detailschange|p1a: Scizor|Scizor-Mega, M\n|-mega|p1a: Scizor|Scizor|Scizorite\n|move|p2a: Palafin|Bulk Up|p2a: Palafin\n|-boost|p2a: Palafin|atk|1\n|-boost|p2a: Palafin|def|1\n|move|p1a: Scizor|Roost|p1a: Scizor\n|-heal|p1a: Scizor|100/100\n|-singleturn|p1a: Scizor|move: Roost\n|\n|upkeep\n|turn|19\n|\n|t:|1766363719\n|move|p2a: Palafin|Taunt|p1a: Scizor\n|-start|p1a: Scizor|move: Taunt\n|move|p1a: Scizor|U-turn|p2a: Palafin\n|-damage|p2a: Palafin|20/100\n|\n|t:|1766363726\n|switch|p1a: Arcanine|Arcanine-Hisui, M|100/100|[from] U-turn\n|\n|upkeep\n|turn|20\n|\n|t:|1766363736\n|switch|p1a: Amoonguss|Amoonguss, F|72/100\n|-damage|p1a: Amoonguss|60/100|[from] Spikes\n|move|p2a: Palafin|Jet Punch|p1a: Amoonguss\n|-resisted|p1a: Amoonguss\n|-damage|p1a: Amoonguss|39/100\n|-damage|p2a: Palafin|3/100|[from] item: Rocky Helmet|[of] p1a: Amoonguss\n|\n|upkeep\n|turn|21\n|\n|t:|1766363758\n|switch|p1a: Scizor|Scizor-Mega, M|100/100\n|-damage|p1a: Scizor|88/100|[from] Spikes\n|move|p2a: Palafin|Ice Punch|p1a: Scizor\n|-resisted|p1a: Scizor\n|-damage|p1a: Scizor|71/100\n|\n|upkeep\n|turn|22\n|\n|t:|1766363769\n|move|p1a: Scizor|Bullet Punch|p2a: Palafin\n|-resisted|p2a: Palafin\n|-damage|p2a: Palafin|0 fnt\n|faint|p2a: Palafin\n|\n|upkeep\n|\n|t:|1766363779\n|switch|p2a: Heatran|Heatran, F|100/100\n|-damage|p2a: Heatran|88/100|[from] Stealth Rock\n|-damage|p2a: Heatran|71/100|[from] Spikes\n|turn|23\n|\n|t:|1766363792\n|switch|p1a: Garchomp|Garchomp, F|82/100 brn\n|-damage|p1a: Garchomp|70/100 brn|[from] Spikes\n|move|p2a: Heatran|Earth Power|p1a: Garchomp\n|-damage|p1a: Garchomp|46/100 brn\n|\n|-heal|p1a: Garchomp|52/100 brn|[from] item: Leftovers\n|-damage|p1a: Garchomp|46/100 brn|[from] brn\n|upkeep\n|turn|24\n|\n|t:|1766363812\n|switch|p2a: Slowbro|Slowbro, M|100/100\n|-damage|p2a: Slowbro|88/100|[from] Stealth Rock\n|-damage|p2a: Slowbro|72/100|[from] Spikes\n|move|p1a: Garchomp|Spikes|p2a: Slowbro\n|-sidestart|p2: roma472|Spikes\n|\n|-heal|p1a: Garchomp|52/100 brn|[from] item: Leftovers\n|-heal|p2a: Slowbro|78/100|[from] item: Leftovers\n|-damage|p1a: Garchomp|46/100 brn|[from] brn\n|upkeep\n|turn|25\n|\n|t:|1766363843\n|switch|p1a: Amoonguss|Amoonguss, F|72/100\n|-damage|p1a: Amoonguss|60/100|[from] Spikes\n|move|p2a: Slowbro|Teleport|p2a: Slowbro\n|\n|t:|1766363892\n|switch|p2a: Hawlucha|Hawlucha, M|100/100|[from] Teleport\n|-damage|p2a: Hawlucha|88/100|[from] Stealth Rock\n|\n|upkeep\n|turn|26\n|\n|t:|1766363938\n|detailschange|p2a: Hawlucha|Hawlucha-Mega-ZA, M\n|-mega|p2a: Hawlucha|Hawlucha|HawluchaniteZA\n|move|p2a: Hawlucha|Brave Bird|p1a: Amoonguss\n|-supereffective|p1a: Amoonguss\n|-damage|p1a: Amoonguss|0 fnt\n|-damage|p2a: Hawlucha|72/100|[from] item: Rocky Helmet|[of] p1a: Amoonguss\n|faint|p1a: Amoonguss\n|-ability|p2a: Hawlucha|Moxie|boost\n|-boost|p2a: Hawlucha|atk|1\n|-damage|p2a: Hawlucha|45/100|[from] Recoil\n|\n|upkeep\n|\n|t:|1766363944\n|switch|p1a: Scizor|Scizor-Mega, M|71/100\n|-damage|p1a: Scizor|58/100|[from] Spikes\n|turn|27\n|\n|t:|1766363973\n|switch|p2a: Heatran|Heatran, F|71/100\n|-damage|p2a: Heatran|59/100|[from] Stealth Rock\n|-damage|p2a: Heatran|34/100|[from] Spikes\n|move|p1a: Scizor|Bullet Punch|p2a: Heatran\n|-resisted|p2a: Heatran\n|-damage|p2a: Heatran|27/100\n|\n|upkeep\n|turn|28\n|\n|t:|1766363998\n|switch|p1a: Garchomp|Garchomp, F|46/100 brn\n|-damage|p1a: Garchomp|33/100 brn|[from] Spikes\n|move|p2a: Heatran|Earth Power|p1a: Garchomp\n|-damage|p1a: Garchomp|9/100 brn\n|\n|-heal|p1a: Garchomp|15/100 brn|[from] item: Leftovers\n|-damage|p1a: Garchomp|9/100 brn|[from] brn\n|upkeep\n|turn|29\n|\n|t:|1766364008\n|move|p2a: Heatran|Earth Power|p1a: Garchomp\n|-damage|p1a: Garchomp|0 fnt\n|faint|p1a: Garchomp\n|\n|upkeep\n|\n|t:|1766364011\n|switch|p1a: Iron Valiant|Iron Valiant|100/100\n|-damage|p1a: Iron Valiant|88/100|[from] Spikes\n|turn|30\n|\n|t:|1766364053\n|move|p2a: Heatran|Earth Power|p1a: Iron Valiant\n|-damage|p1a: Iron Valiant|21/100\n|move|p1a: Iron Valiant|Knock Off|p2a: Heatran\n|-damage|p2a: Heatran|0 fnt\n|-status|p1a: Iron Valiant|brn|[from] ability: Flame Body|[of] p2a: Heatran\n|-enditem|p2a: Heatran|Choice Scarf|[from] move: Knock Off|[of] p1a: Iron Valiant\n|faint|p2a: Heatran\n|-damage|p1a: Iron Valiant|11/100 brn|[from] item: Life Orb\n|\n|-damage|p1a: Iron Valiant|5/100 brn|[from] brn\n|upkeep\n|\n|t:|1766364089\n|switch|p2a: Slowbro|Slowbro, M|100/100\n|-damage|p2a: Slowbro|88/100|[from] Stealth Rock\n|-damage|p2a: Slowbro|63/100|[from] Spikes\n|turn|31\n|\n|t:|1766364107\n|switch|p2a: Mismagius|Mismagius, F|73/100\n|-damage|p2a: Mismagius|61/100|[from] Stealth Rock\n|move|p1a: Iron Valiant|Moonblast|p2a: Mismagius\n|-damage|p2a: Mismagius|1/100\n|-unboost|p2a: Mismagius|spa|1\n|-damage|p1a: Iron Valiant|0 fnt|[from] item: Life Orb\n|faint|p1a: Iron Valiant\n|-end|p1a: Iron Valiant|Quark Drive|[silent]\n|\n|upkeep\n|\n|t:|1766364113\n|switch|p1a: Scizor|Scizor-Mega, M|58/100\n|-damage|p1a: Scizor|46/100|[from] Spikes\n|turn|32\n|\n|t:|1766364152\n|move|p1a: Scizor|Bullet Punch|p2a: Mismagius\n|-damage|p2a: Mismagius|0 fnt\n|faint|p2a: Mismagius\n|\n|upkeep\n|\n|t:|1766364157\n|switch|p2a: Slowbro|Slowbro, M|96/100\n|-damage|p2a: Slowbro|84/100|[from] Stealth Rock\n|-damage|p2a: Slowbro|59/100|[from] Spikes\n|turn|33\n|\n|t:|1766364180\n|move|p1a: Scizor|Roost|p1a: Scizor\n|-heal|p1a: Scizor|96/100\n|-singleturn|p1a: Scizor|move: Roost\n|move|p2a: Slowbro|Flamethrower|p1a: Scizor\n|-supereffective|p1a: Scizor\n|-damage|p1a: Scizor|34/100\n|\n|-heal|p2a: Slowbro|65/100|[from] item: Leftovers\n|upkeep\n|turn|34\n|\n|t:|1766364203\n|move|p1a: Scizor|U-turn|p2a: Slowbro\n|-supereffective|p2a: Slowbro\n|-damage|p2a: Slowbro|24/100\n|\n|t:|1766364206\n|switch|p1a: Arcanine|Arcanine-Hisui, M|100/100|[from] U-turn\n|move|p2a: Slowbro|Flamethrower|p1a: Arcanine\n|-resisted|p1a: Arcanine\n|-damage|p1a: Arcanine|94/100\n|\n|-heal|p2a: Slowbro|30/100|[from] item: Leftovers\n|upkeep\n|turn|35\n|\n|t:|1766364225\n|move|p1a: Arcanine|Head Smash|p2a: Slowbro\n|-crit|p2a: Slowbro\n|-damage|p2a: Slowbro|0 fnt\n|faint|p2a: Slowbro\n|\n|upkeep\n|c|☆roma472|gg\n|\n|t:|1766364231\n|switch|p2a: Hawlucha|Hawlucha-Mega-ZA, M|45/100\n|-damage|p2a: Hawlucha|32/100|[from] Stealth Rock\n|turn|36\n|\n|t:|1766364235\n|move|p1a: Arcanine|Extreme Speed|p2a: Hawlucha\n|-damage|p2a: Hawlucha|2/100\n|move|p2a: Hawlucha|Drain Punch|p1a: Arcanine\n|-supereffective|p1a: Arcanine\n|-damage|p1a: Arcanine|0 fnt\n|-heal|p2a: Hawlucha|54/100|[from] drain|[of] p1a: Arcanine\n|faint|p1a: Arcanine\n|-ability|p2a: Hawlucha|Moxie|boost\n|-boost|p2a: Hawlucha|atk|1\n|\n|upkeep\n|\n|t:|1766364239\n|switch|p1a: Scizor|Scizor-Mega, M|34/100\n|-damage|p1a: Scizor|21/100|[from] Spikes\n|turn|37\n|c|☆roma472|oh waiy\n|\n|t:|1766364289\n|move|p1a: Scizor|Bullet Punch|p2a: Hawlucha\n|-damage|p2a: Hawlucha|19/100\n|move|p2a: Hawlucha|Brave Bird|p1a: Scizor\n|-damage|p1a: Scizor|0 fnt\n|faint|p1a: Scizor\n|detailschange|p1: Scizor|Scizor, M|[silent]\n|-damage|p2a: Hawlucha|11/100|[from] Recoil\n|\n|win|roma472\n|c|☆roma472|gg\n|c|☆Kfp4|Sad roll\n|c|☆Kfp4|gg\n|c|☆roma472|hawlucha is a champ \n|c|☆roma472|i thought fot sure I was dead\n|c|☆roma472|my bad for the early gg\n|l|☆Kfp4\n|player|p1|\n|l|☆roma472\n|player|p2|\n","players":["Kfp4","roma472"],"format":"[Gen 9] NatDex Draft","rating":null,"private":0,"password":null,"inputlog":">version 0d0a8c252a1f8ab806681f673fdafaf34a87df55\n>start {\"formatid\":\"gen9natdexdraft\",\"seed\":\"sodium,570e895772f73d8b657948ab4fa21cc6\"}\n>player p1 {\"name\":\"Kfp4\",\"avatar\":\"170\",\"team\":\"Amoonguss||RockyHelmet|Regenerator|Spore,GigaDrain,SludgeBomb,StompingTantrum|Relaxed|252,,252,4,,|F||||,,,,,Grass]Rotom||ColburBerry|Levitate|PainSplit,VoltSwitch,Defog,ShadowBall|Modest|252,,112,144,,|N|,0,,,,|||,,,,,Electric]Garchomp||Leftovers|RoughSkin|Earthquake,StealthRock,Spikes,DragonTail|Careful|252,52,,,204,|F||||,,,,,Dragon]Iron Valiant||LifeOrb|QuarkDrive|Moonblast,CloseCombat,KnockOff,Encore|Naive|,252,,4,,252|N||||,,,,,Fairy]Scizor||Scizorite|Technician|Roost,Uturn,BulletPunch,CloseCombat|Careful|252,52,,,168,36|M||||,,,,,Bug]Arcanine|ArcanineHisui|HeavyDutyBoots|RockHead|HeadSmash,FlareBlitz,MorningSun,ExtremeSpeed|Adamant|56,252,,,4,196|M||||,,,,,Fire\",\"rating\":0}\n>player p2 {\"name\":\"roma472\",\"avatar\":\"170\",\"team\":\"Hawlucha||HawluchaniteZA|Limber|DrainPunch,BraveBird,Agility,BulkUp|Jolly|68,252,,,,188|M||||,,,,,Fighting]Slowbro||Leftovers|Regenerator|Scald,Flamethrower,Teleport,Counter|Bold|252,,252,,,|M|,0,,,,|||,,,,,Water]Heatran||ChoiceScarf|FlameBody|Eruption,EarthPower,LavaPlume,StealthRock|Modest|4,,,252,,252|F|,0,,,,|||,,,,,Fire]Ferrothorn||OccaBerry|IronBarbs|PowerWhip,KnockOff,Spikes,Toxic|Adamant|252,252,,,,|F||||,,,,,Grass]Palafin||WeaknessPolicy|ZerotoHero|IcePunch,JetPunch,Taunt,BulkUp|Adamant|252,252,,,,4|M||||,,,,,Water]Mismagius||FocusSash|Levitate|DazzlingGleam,Taunt,DestinyBond,WillOWisp|Timid|4,,,252,,252|F|,0,,,,|||,,,,,Ghost\",\"rating\":0}\n>chat ☆roma472|glhf\n>p1 team 2, 1, 3, 4, 5, 6\n>p2 team 6, 2, 3, 4, 5, 1\n>chat ☆Kfp4|Glhf!\n>p1 switch 3\n>p2 move taunt\n>p1 move dragontail\n>p2 move willowisp\n>p1 switch 3\n>p2 move teleport\n>p2 switch 4\n>p1 move shadowball\n>p2 move knockoff\n>p1 move shadowball\n>p2 move spikes\n>p1 move defog\n>p2 move spikes\n>p1 move defog\n>p2 move spikes\n>p1 move defog\n>p2 move spikes\n>p1 move defog\n>p2 move spikes\n>p1 move shadowball\n>p2 move spikes\n>p2 switch 3\n>p1 move voltswitch\n>p2 move eruption\n>p1 switch 6\n>p1 switch 3\n>p2 switch 4\n>p1 move stealthrock\n>p2 move teleport\n>p2 switch 5\n>p1 move spikes\n>p2 switch 5\n>p1 move spikes\n>p2 move teleport\n>p2 switch 5\n>p1 switch 2\n>p2 move icepunch\n>p1 switch 5\n>p2 move icepunch\n>p1 move roost mega\n>p2 move bulkup\n>p1 move uturn\n>p2 move taunt\n>p1 switch 3\n>p1 switch 5\n>p2 move jetpunch\n>p1 switch 3\n>p2 move icepunch\n>p1 move bulletpunch\n>p2 move icepunch\n>p2 switch 4\n>p1 switch 2\n>p2 move earthpower\n>p1 move spikes\n>p2 switch 5\n>p1 switch 3\n>p2 move teleport\n>p2 switch 6\n>p1 move spore\n>p2 move bravebird mega\n>p1 switch 2\n>p1 move bulletpunch\n>p2 switch 5\n>p1 switch 3\n>p2 move earthpower\n>p1 move earthquake\n>p2 move earthpower\n>p1 switch 4\n>p1 move knockoff\n>p2 move earthpower\n>p2 switch 6\n>p1 move moonblast\n>p2 switch 2\n>p1 switch 3\n>p1 move bulletpunch\n>p2 move destinybond\n>p2 switch 2\n>p1 move roost\n>p2 move flamethrower\n>p1 move uturn\n>p2 move flamethrower\n>p1 switch 5\n>p1 move headsmash\n>p2 move teleport\n>chat ☆roma472|gg\n>p2 switch 5\n>p1 move extremespeed\n>p2 move drainpunch\n>p1 switch 5\n>chat ☆roma472|oh waiy\n>p1 move bulletpunch\n>p2 move bravebird","uploadtime":1766364531}