{"id":"gen9natdexdraft-399","log":"|j|☆Arkvis\n|j|☆skipprthepenguin\n|t:|1763240859\n|gametype|singles\n|player|p1|Arkvis|1|\n|player|p2|skipprthepenguin|101|\n|gen|9\n|tier|[Gen 9] NatDex Draft\n|rule|Tera Type Preview: Tera Types are shown at Team Preview\n|rule|Sleep Clause Mod: Limit one foe put to sleep\n|rule|OHKO Clause: OHKO moves are banned\n|rule|Evasion Clause: Evasion abilities, items, and moves are banned\n|rule|Evasion Abilities Clause: Evasion abilities are banned\n|rule|Evasion Items Clause: Evasion items are banned\n|rule|Evasion Moves Clause: Evasion moves are banned\n|rule|Endless Battle Clause: Forcing endless battles is banned\n|rule|HP Percentage Mod: HP is shown in percentages\n|raw|<div class=\"infobox\"><details class=\"readmore\" open><summary><strong>1 custom rule:</strong></summary> Tera Type Preview</details></div>\n|clearpoke\n|poke|p1|Regifly, M|\n|poke|p1|Armarouge, F|\n|poke|p1|Raging Bolt|\n|poke|p1|Meowscarada, F|\n|poke|p1|Fezandipiti, M|\n|poke|p1|Manaphy|\n|poke|p2|Chien-Pao|\n|poke|p2|Paleogeist, M|\n|poke|p2|Iron Valiant|\n|poke|p2|Chesnaught, M|\n|poke|p2|Mamoswine, M|\n|poke|p2|Blastoise, M|\n|raw|Arkvis's Tera Types:<br /><psicon pokemon=\"regifly\" /><psicon type=\"Flying\" /> / <psicon pokemon=\"armarouge\" /><psicon type=\"Fire\" /> / <psicon pokemon=\"ragingbolt\" /><psicon type=\"Steel\" /> / <psicon pokemon=\"meowscarada\" /><psicon type=\"Grass\" /> / <psicon pokemon=\"fezandipiti\" /><psicon type=\"Poison\" /> / <psicon pokemon=\"manaphy\" /><psicon type=\"Fairy\" />\n|raw|skipprthepenguin's Tera Types:<br /><psicon pokemon=\"chienpao\" /><psicon type=\"Dark\" /> / <psicon pokemon=\"paleogeist\" /><psicon type=\"Electric\" /> / <psicon pokemon=\"ironvaliant\" /><psicon type=\"Fairy\" /> / <psicon pokemon=\"chesnaught\" /><psicon type=\"Grass\" /> / <psicon pokemon=\"mamoswine\" /><psicon type=\"Ice\" /> / <psicon pokemon=\"blastoise\" /><psicon type=\"Grass\" />\n|teampreview\n|c|☆Arkvis|Glhf\n|c|☆skipprthepenguin|Glhf\n|\n|t:|1763240894\n|teamsize|p1|6\n|teamsize|p2|6\n|start\n|switch|p1a: Sparks Nepo Baby|Meowscarada, F|100/100\n|switch|p2a: Mamoswine|Mamoswine, M|100/100\n|turn|1\n|\n|t:|1763240914\n|move|p1a: Sparks Nepo Baby|Low Kick|p2a: Mamoswine\n|-start|p1a: Sparks Nepo Baby|typechange|Fighting|[from] ability: Protean\n|-supereffective|p2a: Mamoswine\n|-damage|p2a: Mamoswine|0 fnt\n|faint|p2a: Mamoswine\n|\n|upkeep\n|\n|t:|1763240941\n|switch|p2a: Paleogeist|Paleogeist, M|100/100\n|turn|2\n|j| nimjaishot\n|c| nimjaishot|hi guys\n|c| nimjaishot|are we winning\n|c|☆Arkvis|no\n|\n|t:|1763240989\n|switch|p1a: Chicken Nugget|Fezandipiti, M|100/100\n|-terastallize|p2a: Paleogeist|Electric\n|move|p2a: Paleogeist|Rock Wrecker|p1a: Chicken Nugget\n|-damage|p1a: Chicken Nugget|22/100\n|\n|-heal|p1a: Chicken Nugget|28/100|[from] item: Black Sludge\n|upkeep\n|turn|3\n|\n|t:|1763241005\n|move|p1a: Chicken Nugget|U-turn|p2a: Paleogeist\n|-damage|p2a: Paleogeist|91/100\n|\n|t:|1763241025\n|switch|p1a: Cabbage Kid|Manaphy|100/100|[from] U-turn\n|-ability|p2a: Paleogeist|Sheer Willpower\n|-message|Paleogeist's Phantom Force hits instantly!\n|move|p2a: Paleogeist|Phantom Force||[still]\n|-prepare|p2a: Paleogeist|Phantom Force\n|-anim|p2a: Paleogeist|Phantom Force|p1a: Cabbage Kid\n|-damage|p1a: Cabbage Kid|57/100\n|\n|-heal|p1a: Cabbage Kid|63/100|[from] item: Leftovers\n|-heal|p2a: Paleogeist|97/100|[from] item: Leftovers\n|upkeep\n|turn|4\n|\n|t:|1763241043\n|-terastallize|p1a: Cabbage Kid|Fairy\n|move|p1a: Cabbage Kid|Surf|p2a: Paleogeist\n|-damage|p2a: Paleogeist|63/100\n|move|p2a: Paleogeist|Rock Wrecker|p1a: Cabbage Kid\n|-damage|p1a: Cabbage Kid|0 fnt\n|faint|p1a: Cabbage Kid\n|\n|-heal|p2a: Paleogeist|69/100|[from] item: Leftovers\n|upkeep\n|\n|t:|1763241053\n|switch|p1a: Biblically Acc|Regifly, M|100/100\n|turn|5\n|\n|t:|1763241059\n|move|p1a: Biblically Acc|U-turn|p2a: Paleogeist\n|-damage|p2a: Paleogeist|55/100\n|\n|t:|1763241066\n|switch|p1a: Chicken Nugget|Fezandipiti, M|28/100|[from] U-turn\n|move|p2a: Paleogeist|Rock Wrecker|p1a: Chicken Nugget\n|-damage|p1a: Chicken Nugget|0 fnt\n|faint|p1a: Chicken Nugget\n|\n|-heal|p2a: Paleogeist|61/100|[from] item: Leftovers\n|upkeep\n|\n|t:|1763241086\n|switch|p1a: Giraffe|Raging Bolt|100/100\n|turn|6\n|\n|t:|1763241091\n|move|p1a: Giraffe|Thunderbolt|p2a: Paleogeist\n|-resisted|p2a: Paleogeist\n|-damage|p2a: Paleogeist|42/100\n|move|p2a: Paleogeist|Rock Wrecker|p1a: Giraffe\n|-damage|p1a: Giraffe|32/100\n|\n|-heal|p2a: Paleogeist|48/100|[from] item: Leftovers\n|upkeep\n|turn|7\n|c| nimjaishot|wtf is this mon\n|j| The_shawdoin\n|c|☆Arkvis|A hard counter to my team lmao\n|c| The_shawdoin|evo rampardos\n|c| The_shawdoin|with instant charge moves\n|\n|t:|1763241131\n|move|p1a: Giraffe|Thunderbolt|p2a: Paleogeist\n|-resisted|p2a: Paleogeist\n|-damage|p2a: Paleogeist|29/100\n|move|p2a: Paleogeist|Slack Off|p2a: Paleogeist\n|-heal|p2a: Paleogeist|80/100\n|\n|-heal|p2a: Paleogeist|86/100|[from] item: Leftovers\n|upkeep\n|turn|8\n|c| nimjaishot|does it not have a cd?\n|c| The_shawdoin|nope\n|c|☆Arkvis|yeah okay\n|c| The_shawdoin|so 150 power stab move spam\n|c| nimjaishot|thats fucked\n|c|☆Arkvis|Im fucked\n|c| The_shawdoin|and then 90 power\n|\n|t:|1763241156\n|move|p1a: Giraffe|Thunderbolt|p2a: Paleogeist\n|-resisted|p2a: Paleogeist\n|-damage|p2a: Paleogeist|65/100\n|-ability|p2a: Paleogeist|Sheer Willpower\n|-message|Paleogeist's Phantom Force hits instantly!\n|move|p2a: Paleogeist|Phantom Force||[still]\n|-prepare|p2a: Paleogeist|Phantom Force\n|-anim|p2a: Paleogeist|Phantom Force|p1a: Giraffe\n|-damage|p1a: Giraffe|0 fnt\n|faint|p1a: Giraffe\n|-end|p1a: Giraffe|Protosynthesis|[silent]\n|\n|-heal|p2a: Paleogeist|71/100|[from] item: Leftovers\n|upkeep\n|\n|t:|1763241168\n|switch|p1a: Blastem|Armarouge, F|100/100\n|turn|9\n|\n|t:|1763241177\n|switch|p2a: Blastoise|Blastoise, M|100/100\n|move|p1a: Blastem|Destiny Bond|p1a: Blastem\n|-singlemove|p1a: Blastem|Destiny Bond\n|\n|upkeep\n|turn|10\n|\n|t:|1763241195\n|switch|p1a: Sparks Nepo Baby|Meowscarada, F|100/100\n|move|p2a: Blastoise|Flip Turn|p1a: Sparks Nepo Baby\n|-resisted|p1a: Sparks Nepo Baby\n|-damage|p1a: Sparks Nepo Baby|85/100\n|\n|t:|1763241211\n|switch|p2a: Chien-Pao|Chien-Pao|100/100|[from] Flip Turn\n|-ability|p2a: Chien-Pao|Sword of Ruin\n|\n|upkeep\n|turn|11\n|\n|t:|1763241218\n|move|p1a: Sparks Nepo Baby|Low Kick|p2a: Chien-Pao\n|-start|p1a: Sparks Nepo Baby|typechange|Fighting|[from] ability: Protean\n|-supereffective|p2a: Chien-Pao\n|-damage|p2a: Chien-Pao|0 fnt\n|faint|p2a: Chien-Pao\n|\n|upkeep\n|\n|t:|1763241225\n|switch|p2a: Iron Valiant|Iron Valiant|100/100\n|-enditem|p2a: Iron Valiant|Booster Energy\n|-activate|p2a: Iron Valiant|ability: Quark Drive|[fromitem]\n|-start|p2a: Iron Valiant|quarkdrivespe\n|turn|12\n|\n|t:|1763241236\n|switch|p1a: Blastem|Armarouge, F|100/100\n|move|p2a: Iron Valiant|Knock Off|p1a: Blastem\n|-supereffective|p1a: Blastem\n|-damage|p1a: Blastem|57/100\n|-ability|p1a: Blastem|Weak Armor|boost\n|-unboost|p1a: Blastem|def|1\n|-boost|p1a: Blastem|spe|2\n|\n|upkeep\n|turn|13\n|\n|t:|1763241250\n|detailschange|p1a: Blastem|Armarouge-Mega, F\n|-mega|p1a: Blastem|Armarouge|Armarougite\n|move|p1a: Blastem|Psychic|p2a: Iron Valiant\n|-supereffective|p2a: Iron Valiant\n|-crit|p2a: Iron Valiant\n|-damage|p2a: Iron Valiant|0 fnt\n|faint|p2a: Iron Valiant\n|-end|p2a: Iron Valiant|Quark Drive|[silent]\n|\n|upkeep\n|\n|t:|1763241257\n|switch|p2a: Blastoise|Blastoise, M|100/100\n|turn|14\n|c| nimjaishot|wait\n|c| nimjaishot|can he do this\n|\n|t:|1763241265\n|switch|p1a: Sparks Nepo Baby|Meowscarada, F|85/100\n|move|p2a: Blastoise|Surf|p1a: Sparks Nepo Baby\n|-resisted|p1a: Sparks Nepo Baby\n|-damage|p1a: Sparks Nepo Baby|63/100\n|\n|upkeep\n|turn|15\n|\n|t:|1763241283\n|switch|p2a: Chesnaught|Chesnaught, M|100/100\n|move|p1a: Sparks Nepo Baby|Knock Off|p2a: Chesnaught\n|-start|p1a: Sparks Nepo Baby|typechange|Dark|[from] ability: Protean\n|-resisted|p2a: Chesnaught\n|-damage|p2a: Chesnaught|88/100\n|\n|upkeep\n|turn|16\n|\n|t:|1763241294\n|switch|p1a: Biblically Acc|Regifly, M|100/100\n|move|p2a: Chesnaught|Leech Seed|p1a: Biblically Acc\n|-start|p1a: Biblically Acc|move: Leech Seed\n|\n|-damage|p1a: Biblically Acc|88/100|[from] Leech Seed|[of] p2a: Chesnaught\n|-heal|p2a: Chesnaught|96/100|[silent]\n|upkeep\n|turn|17\n|\n|t:|1763241303\n|detailschange|p2a: Chesnaught|Chesnaught-Mega, M\n|-mega|p2a: Chesnaught|Chesnaught|Chesnaughtite\n|move|p1a: Biblically Acc|Aeroblast|p2a: Chesnaught\n|-damage|p2a: Chesnaught|57/100\n|move|p2a: Chesnaught|Body Press|p1a: Biblically Acc\n|-resisted|p1a: Biblically Acc\n|-damage|p1a: Biblically Acc|50/100\n|\n|-damage|p1a: Biblically Acc|37/100|[from] Leech Seed|[of] p2a: Chesnaught\n|-heal|p2a: Chesnaught|65/100|[silent]\n|upkeep\n|turn|18\n|\n|t:|1763241313\n|move|p1a: Biblically Acc|Heat Wave|p2a: Chesnaught\n|-supereffective|p2a: Chesnaught\n|-damage|p2a: Chesnaught|0 fnt\n|faint|p2a: Chesnaught\n|detailschange|p2: Chesnaught|Chesnaught, M|[silent]\n|\n|upkeep\n|\n|t:|1763241320\n|switch|p2a: Blastoise|Blastoise, M|100/100\n|turn|19\n|\n|t:|1763241329\n|move|p1a: Biblically Acc|U-turn|p2a: Blastoise\n|-damage|p2a: Blastoise|81/100\n|\n|t:|1763241333\n|switch|p1a: Sparks Nepo Baby|Meowscarada, F|63/100|[from] U-turn\n|move|p2a: Blastoise|Surf|p1a: Sparks Nepo Baby\n|-resisted|p1a: Sparks Nepo Baby\n|-damage|p1a: Sparks Nepo Baby|42/100\n|\n|upkeep\n|turn|20\n|\n|t:|1763241355\n|move|p1a: Sparks Nepo Baby|Knock Off|p2a: Blastoise\n|-start|p1a: Sparks Nepo Baby|typechange|Dark|[from] ability: Protean\n|-damage|p2a: Blastoise|39/100\n|-enditem|p2a: Blastoise|Assault Vest|[from] move: Knock Off|[of] p1a: Sparks Nepo Baby\n|move|p2a: Blastoise|Surf|p1a: Sparks Nepo Baby\n|-damage|p1a: Sparks Nepo Baby|0 fnt\n|faint|p1a: Sparks Nepo Baby\n|\n|upkeep\n|\n|t:|1763241372\n|switch|p1a: Biblically Acc|Regifly, M|37/100\n|turn|21\n|\n|t:|1763241378\n|move|p1a: Biblically Acc|Aeroblast|p2a: Blastoise\n|-damage|p2a: Blastoise|4/100\n|move|p2a: Blastoise|Surf|p1a: Biblically Acc\n|-crit|p1a: Biblically Acc\n|-damage|p1a: Biblically Acc|0 fnt\n|faint|p1a: Biblically Acc\n|\n|upkeep\n|\n|t:|1763241385\n|switch|p1a: Blastem|Armarouge-Mega, F|57/100\n|turn|22\n|\n|t:|1763241390\n|move|p1a: Blastem|Psychic|p2a: Blastoise\n|-damage|p2a: Blastoise|0 fnt\n|faint|p2a: Blastoise\n|\n|upkeep\n|\n|t:|1763241392\n|switch|p2a: Paleogeist|Paleogeist, M, tera:Electric|71/100\n|turn|23\n|\n|t:|1763241400\n|move|p1a: Blastem|Destiny Bond|p1a: Blastem\n|-singlemove|p1a: Blastem|Destiny Bond\n|move|p2a: Paleogeist|Slack Off|p2a: Paleogeist\n|-heal|p2a: Paleogeist|100/100\n|\n|upkeep\n|turn|24\n|\n|t:|1763241409\n|move|p1a: Blastem|Destiny Bond||[still]\n|-fail|p1a: Blastem\n|move|p2a: Paleogeist|Parting Shot|p1a: Blastem\n|-unboost|p1a: Blastem|atk|1\n|-ability|p1a: Blastem|Competitive|boost\n|-boost|p1a: Blastem|spa|2\n|-unboost|p1a: Blastem|spa|1\n|-ability|p1a: Blastem|Competitive|boost\n|-boost|p1a: Blastem|spa|2\n|\n|upkeep\n|turn|25\n|\n|t:|1763241418\n|move|p1a: Blastem|Armor Cannon|p2a: Paleogeist\n|-damage|p2a: Paleogeist|0 fnt\n|-unboost|p1a: Blastem|def|1\n|-unboost|p1a: Blastem|spd|1\n|faint|p2a: Paleogeist\n|\n|win|Arkvis\n|c|☆Arkvis|gg\n|c|☆skipprthepenguin|Lol\n|c|☆skipprthepenguin|Gg\n|c|☆Arkvis|Thought I died there for a sec\n|c|☆skipprthepenguin|You should've\n|c|☆skipprthepenguin|I just missclicked on phone\n|c|☆skipprthepenguin|Lmao\n|c| The_shawdoin|damn\n|c|☆Arkvis|oof that's so sad\n|l| The_shawdoin\n|l|☆Arkvis\n|player|p1|\n|l|☆skipprthepenguin\n|player|p2|\n|l| nimjaishot\n|j|~SparksTheNeo\n","players":["Arkvis","skipprthepenguin"],"format":"[Gen 9] NatDex Draft","rating":null,"private":0,"password":null,"inputlog":">version 19226fd8189bb53d85415584f06aa21789a3c230\n>start {\"formatid\":\"gen9natdexdraft@@@Tera Type Preview\",\"seed\":\"sodium,f234d33bde82531915def8e668fa6b9f\"}\n>player p1 {\"name\":\"Arkvis\",\"avatar\":\"1\",\"team\":\"Biblically Acc|Regifly|HeavyDutyBoots|GaleWings|Aeroblast,Uturn,HeatWave,Defog|Timid|4,,,252,,252|M||||,,,,,Flying]Blastem|Armarouge|Armarougite|WeakArmor|FlashCannon,ArmorCannon,Psychic,DestinyBond|Timid|92,,,252,,164|F|,0,,,,|||,,,,,Fire]Giraffe|RagingBolt|AssaultVest|Protosynthesis|Thunderbolt,Thunderclap,VoltSwitch,TeraBlast|Quiet|252,,,252,4,|N||||,Fighting,,,,Steel]Sparks Nepo Baby|Meowscarada|ChoiceScarf|Protean|LowKick,KnockOff,TripleAxel,Uturn|Hasty|4,252,,,,252|F||||,,,,,Grass]Chicken Nugget|Fezandipiti|BlackSludge|ToxicChain|Uturn,Roost,AlluringVoice,Taunt|Timid|252,,88,,,168|M||||,,,,,Poison]Cabbage Kid|Manaphy|Leftovers|Hydration|TailGlow,EnergyBall,HiddenPowerFire,Surf|Modest|,,128,252,128,|N|,0,,,,|||,Fire,,,,Fairy\",\"rating\":0}\n>player p2 {\"name\":\"skipprthepenguin\",\"avatar\":\"101\",\"team\":\"Chien-Pao||LifeOrb|SwordofRuin|IcicleCrash,Crunch,IceShard,SacredSword|Jolly|40,252,,,,216|N||||,,,,,Dark]Paleogeist||Leftovers|SheerWillpower|RockWrecker,PhantomForce,SlackOff,PartingShot|Adamant|200,252,,,56,|M||||,,,,,Electric]Iron Valiant||BoosterEnergy|QuarkDrive|SpiritBreak,CloseCombat,KnockOff,SwordsDance|Jolly|136,140,,,96,136|N||||,,,,,Fairy]Chesnaught||Chesnaughtite|Overgrow|BodyPress,IronHead,LeechSeed,Synthesis|Careful|252,4,,,252,|M||||,,,,,Grass]Mamoswine||SitrusBerry|ThickFat|StealthRock,Earthquake,IcicleCrash,Trailblaze|Adamant|,252,,,132,124|M||||,,,,,Ice]Blastoise||AssaultVest|Torrent|RapidSpin,Surf,IceBeam,FlipTurn|Sassy|252,,,4,252,|M||||,,,,,Grass\",\"rating\":0}\n>chat ☆Arkvis|Glhf\n>chat ☆skipprthepenguin|Glhf\n>p1 team 4, 2, 3, 1, 5, 6\n>p2 team 5, 2, 3, 4, 1, 6\n>p1 move lowkick\n>p2 move stealthrock\n>p2 switch 2\n>chat  nimjaishot|hi guys\n>chat  nimjaishot|are we winning\n>chat ☆Arkvis|no\n>p1 switch 5\n>p2 move rockwrecker terastallize\n>p1 move uturn\n>p2 move phantomforce\n>p1 switch 6\n>p1 move surf terastallize\n>p2 move rockwrecker\n>p1 switch 4\n>p1 move uturn\n>p2 move rockwrecker\n>p1 switch 6\n>p1 switch 3\n>p1 move thunderbolt\n>p2 move rockwrecker\n>chat  nimjaishot|wtf is this mon\n>chat ☆Arkvis|A hard counter to my team lmao\n>chat  The_shawdoin|evo rampardos\n>chat  The_shawdoin|with instant charge moves\n>p1 move thunderbolt\n>p2 move slackoff\n>chat  nimjaishot|does it not have a cd?\n>chat  The_shawdoin|nope\n>chat ☆Arkvis|yeah okay\n>chat  The_shawdoin|so 150 power stab move spam\n>chat  nimjaishot|thats fucked\n>chat ☆Arkvis|Im fucked\n>chat  The_shawdoin|and then 90 power\n>p1 move thunderbolt\n>p2 move phantomforce\n>p1 switch 2\n>p1 move destinybond\n>p2 switch 6\n>p1 switch 5\n>p2 move flipturn\n>p2 switch 5\n>p1 move lowkick\n>p2 move iciclecrash\n>p2 switch 3\n>p1 switch 5\n>p2 move knockoff\n>p1 move psychic mega\n>p2 move closecombat\n>p2 switch 5\n>chat  nimjaishot|wait\n>chat  nimjaishot|can he do this\n>p1 switch 5\n>p2 move surf\n>p1 move knockoff\n>p2 switch 4\n>p1 switch 6\n>p2 move leechseed\n>p1 move aeroblast\n>p2 move bodypress mega\n>p1 move heatwave\n>p2 move synthesis\n>p2 switch 4\n>p1 move uturn\n>p2 move surf\n>p1 switch 6\n>p1 move knockoff\n>p2 move surf\n>p1 switch 6\n>p1 move aeroblast\n>p2 move surf\n>p1 switch 5\n>p1 move psychic\n>p2 move surf\n>p2 switch 6\n>p1 move destinybond\n>p2 move slackoff\n>p1 move destinybond\n>p2 move partingshot\n>p1 move armorcannon\n>p2 move rockwrecker","uploadtime":1763242276}