{"id":"gen9natdexdraft-161","log":"|j|☆itoshiflwr\n|j|☆nimjaishot\n|t:|1761690189\n|gametype|singles\n|player|p1|itoshiflwr|caitlin|\n|player|p2|nimjaishot|2|\n|gen|9\n|tier|[Gen 9] NatDex Draft\n|rule|Tera Type Preview: Tera Types are shown at Team Preview\n|rule|Sleep Clause Mod: Limit one foe put to sleep\n|rule|OHKO Clause: OHKO moves are banned\n|rule|Evasion Clause: Evasion abilities, items, and moves are banned\n|rule|Evasion Abilities Clause: Evasion abilities are banned\n|rule|Evasion Items Clause: Evasion items are banned\n|rule|Evasion Moves Clause: Evasion moves are banned\n|rule|Endless Battle Clause: Forcing endless battles is banned\n|rule|HP Percentage Mod: HP is shown in percentages\n|raw|<div class=\"infobox\"><details class=\"readmore\" open><summary><strong>1 custom rule:</strong></summary> Tera Type Preview</details></div>\n|clearpoke\n|poke|p1|Deoxys-Speed|\n|poke|p1|Serperior, F|\n|poke|p1|Urshifu-*, F|\n|poke|p1|Celesteela|\n|poke|p1|Skarmory-Paper-Bender, F|\n|poke|p1|Ceruledge, M|\n|poke|p2|Queendra, F|\n|poke|p2|Swampert, F|\n|poke|p2|Garganacl, M|\n|poke|p2|Enamorus, F|\n|poke|p2|Morgrem, M|\n|poke|p2|Iron Hands|\n|raw|itoshiflwr's Tera Types:<br /><psicon pokemon=\"deoxysspeed\" /><psicon type=\"Psychic\" /> / <psicon pokemon=\"serperior\" /><psicon type=\"Fire\" /> / <psicon pokemon=\"urshifu\" /><psicon type=\"Fire\" /> / <psicon pokemon=\"celesteela\" /><psicon type=\"Steel\" /> / <psicon pokemon=\"skarmorypaperbender\" /><psicon type=\"Fairy\" /> / <psicon pokemon=\"ceruledge\" /><psicon type=\"Fire\" />\n|raw|nimjaishot's Tera Types:<br /><psicon pokemon=\"queendra\" /><psicon type=\"Ice\" /> / <psicon pokemon=\"swampert\" /><psicon type=\"Water\" /> / <psicon pokemon=\"garganacl\" /><psicon type=\"Dragon\" /> / <psicon pokemon=\"enamorus\" /><psicon type=\"Stellar\" /> / <psicon pokemon=\"morgrem\" /><psicon type=\"Dark\" /> / <psicon pokemon=\"ironhands\" /><psicon type=\"Flying\" />\n|teampreview\n|\n|t:|1761690218\n|teamsize|p1|6\n|teamsize|p2|6\n|start\n|switch|p1a: Celesteela|Celesteela|100/100\n|switch|p2a: Morgrem|Morgrem, M|100/100\n|turn|1\n|j|~SparksTheNeo\n|\n|t:|1761690241\n|move|p2a: Morgrem|Taunt|p1a: Celesteela\n|-start|p1a: Celesteela|move: Taunt\n|move|p1a: Celesteela|Heavy Slam|p2a: Morgrem\n|-supereffective|p2a: Morgrem\n|-damage|p2a: Morgrem|18/100\n|\n|upkeep\n|turn|2\n|\n|t:|1761690247\n|move|p2a: Morgrem|Parting Shot|p1a: Celesteela\n|-unboost|p1a: Celesteela|atk|1\n|-unboost|p1a: Celesteela|spa|1\n|\n|t:|1761690253\n|switch|p2a: Swampert|Swampert, F|100/100|[from] Parting Shot\n|move|p1a: Celesteela|Heavy Slam|p2a: Swampert\n|-resisted|p2a: Swampert\n|-damage|p2a: Swampert|88/100\n|\n|upkeep\n|turn|3\n|\n|t:|1761690264\n|switch|p1a: Skarmory-Paper-Ben|Skarmory-Paper-Bender, F|100/100\n|move|p2a: Swampert|Stealth Rock|p1a: Skarmory-Paper-Ben\n|-sidestart|p1: itoshiflwr|move: Stealth Rock\n|\n|upkeep\n|turn|4\n|\n|t:|1761690272\n|move|p1a: Skarmory-Paper-Ben|Stealth Rock|p2a: Swampert\n|-sidestart|p2: nimjaishot|move: Stealth Rock\n|move|p2a: Swampert|Earthquake|p1a: Skarmory-Paper-Ben\n|-supereffective|p1a: Skarmory-Paper-Ben\n|-damage|p1a: Skarmory-Paper-Ben|51/100\n|\n|upkeep\n|turn|5\n|\n|t:|1761690281\n|switch|p1a: Celesteela|Celesteela|100/100\n|-damage|p1a: Celesteela|88/100|[from] Stealth Rock\n|move|p2a: Swampert|Flip Turn|p1a: Celesteela\n|-damage|p1a: Celesteela|66/100\n|\n|t:|1761690289\n|switch|p2a: Garganacl|Garganacl, M|100/100|[from] Flip Turn\n|-damage|p2a: Garganacl|88/100|[from] Stealth Rock\n|\n|-heal|p2a: Garganacl|94/100|[from] item: Leftovers\n|upkeep\n|turn|6\n|\n|t:|1761690292\n|move|p1a: Celesteela|Heavy Slam|p2a: Garganacl\n|-supereffective|p2a: Garganacl\n|-damage|p2a: Garganacl|52/100\n|move|p2a: Garganacl|Salt Cure|p1a: Celesteela\n|-damage|p1a: Celesteela|55/100\n|-start|p1a: Celesteela|Salt Cure\n|\n|-heal|p2a: Garganacl|58/100|[from] item: Leftovers\n|-damage|p1a: Celesteela|30/100|[from] Salt Cure\n|upkeep\n|turn|7\n|\n|t:|1761690302\n|switch|p1a: Urshifu|Urshifu, F|100/100\n|-damage|p1a: Urshifu|94/100|[from] Stealth Rock\n|move|p2a: Garganacl|Recover|p2a: Garganacl\n|-heal|p2a: Garganacl|100/100\n|\n|upkeep\n|turn|8\n|\n|t:|1761690316\n|switch|p2a: Iron Hands|Iron Hands|100/100\n|-damage|p2a: Iron Hands|94/100|[from] Stealth Rock\n|move|p1a: Urshifu|Wicked Blow|p2a: Iron Hands\n|-resisted|p2a: Iron Hands\n|-crit|p2a: Iron Hands\n|-damage|p2a: Iron Hands|73/100\n|\n|-heal|p2a: Iron Hands|79/100|[from] item: Leftovers\n|upkeep\n|turn|9\n|\n|t:|1761690339\n|move|p1a: Urshifu|Close Combat|p2a: Iron Hands\n|-damage|p2a: Iron Hands|33/100\n|-unboost|p1a: Urshifu|def|1\n|-unboost|p1a: Urshifu|spd|1\n|move|p2a: Iron Hands|Drain Punch|p1a: Urshifu\n|-supereffective|p1a: Urshifu\n|-enditem|p1a: Urshifu|Chople Berry|[eat]\n|-enditem|p1a: Urshifu|Chople Berry|[weaken]\n|-damage|p1a: Urshifu|23/100\n|-heal|p2a: Iron Hands|60/100|[from] drain|[of] p1a: Urshifu\n|\n|-heal|p2a: Iron Hands|66/100|[from] item: Leftovers\n|upkeep\n|turn|10\n|\n|t:|1761690352\n|move|p1a: Urshifu|Close Combat|p2a: Iron Hands\n|-damage|p2a: Iron Hands|24/100\n|-unboost|p1a: Urshifu|def|1\n|-unboost|p1a: Urshifu|spd|1\n|move|p2a: Iron Hands|Drain Punch|p1a: Urshifu\n|-supereffective|p1a: Urshifu\n|-crit|p1a: Urshifu\n|-damage|p1a: Urshifu|0 fnt\n|-heal|p2a: Iron Hands|33/100|[from] drain|[of] p1a: Urshifu\n|faint|p1a: Urshifu\n|\n|-heal|p2a: Iron Hands|39/100|[from] item: Leftovers\n|upkeep\n|\n|t:|1761690356\n|switch|p1a: Serperior|Serperior, F|100/100\n|-damage|p1a: Serperior|88/100|[from] Stealth Rock\n|turn|11\n|\n|t:|1761690363\n|move|p1a: Serperior|Leaf Storm|p2a: Iron Hands\n|-damage|p2a: Iron Hands|0 fnt\n|-boost|p1a: Serperior|spa|2\n|faint|p2a: Iron Hands\n|-end|p2a: Iron Hands|Quark Drive|[silent]\n|\n|-heal|p1a: Serperior|94/100|[from] item: Leftovers\n|upkeep\n|\n|t:|1761690385\n|switch|p2a: Enamorus|Enamorus, F|100/100\n|-damage|p2a: Enamorus|76/100|[from] Stealth Rock\n|turn|12\n|\n|t:|1761690390\n|-terastallize|p2a: Enamorus|Stellar\n|move|p2a: Enamorus|Tera Blast|p1a: Serperior|[anim] Tera Blast Stellar\n|-damage|p1a: Serperior|48/100\n|-boost|p2a: Enamorus|atk|1\n|-boost|p2a: Enamorus|spa|1\n|move|p1a: Serperior|Glare|p2a: Enamorus\n|-status|p2a: Enamorus|par\n|\n|-heal|p1a: Serperior|54/100|[from] item: Leftovers\n|upkeep\n|turn|13\n|\n|t:|1761690399\n|move|p1a: Serperior|Hidden Power|p2a: Enamorus\n|-supereffective|p2a: Enamorus\n|-damage|p2a: Enamorus|0 fnt\n|faint|p2a: Enamorus\n|\n|-heal|p1a: Serperior|60/100|[from] item: Leftovers\n|upkeep\n|\n|t:|1761690422\n|switch|p2a: Queendra|Queendra, F|100/100\n|-damage|p2a: Queendra|75/100|[from] Stealth Rock\n|turn|14\n|\n|t:|1761690428\n|detailschange|p2a: Queendra|Queendra-Mega, F\n|-mega|p2a: Queendra|Queendra|Queendrite\n|-terastallize|p1a: Serperior|Fire\n|move|p2a: Queendra|Ice Beam|p1a: Serperior\n|-resisted|p1a: Serperior\n|-damage|p1a: Serperior|35/100\n|move|p1a: Serperior|Hidden Power|p2a: Queendra\n|-supereffective|p2a: Queendra\n|-crit|p2a: Queendra\n|-damage|p2a: Queendra|0 fnt\n|faint|p2a: Queendra\n|detailschange|p2: Queendra|Queendra, F|[silent]\n|\n|-heal|p1a: Serperior|41/100|[from] item: Leftovers\n|upkeep\n|\n|t:|1761690437\n|switch|p2a: Garganacl|Garganacl, M|100/100\n|-damage|p2a: Garganacl|88/100|[from] Stealth Rock\n|turn|15\n|\n|t:|1761690442\n|move|p1a: Serperior|Leaf Storm|p2a: Garganacl\n|-supereffective|p2a: Garganacl\n|-damage|p2a: Garganacl|0 fnt\n|-boost|p1a: Serperior|spa|2\n|faint|p2a: Garganacl\n|\n|-heal|p1a: Serperior|48/100|[from] item: Leftovers\n|upkeep\n|c|☆nimjaishot|gg\n|c|☆itoshiflwr|gg\n|\n|t:|1761690445\n|switch|p2a: Morgrem|Morgrem, M|18/100\n|-damage|p2a: Morgrem|6/100|[from] Stealth Rock\n|turn|16\n|\n|t:|1761690450\n|move|p2a: Morgrem|Thunder Wave|p1a: Serperior|[miss]\n|-miss|p2a: Morgrem|p1a: Serperior\n|move|p1a: Serperior|Hidden Power|p2a: Morgrem\n|-damage|p2a: Morgrem|0 fnt\n|faint|p2a: Morgrem\n|\n|-heal|p1a: Serperior|54/100|[from] item: Leftovers\n|upkeep\n|\n|t:|1761690466\n|switch|p2a: Swampert|Swampert, F|88/100\n|-damage|p2a: Swampert|82/100|[from] Stealth Rock\n|turn|17\n|\n|t:|1761690473\n|move|p1a: Serperior|Tera Blast|p2a: Swampert|[anim] Tera Blast Fire\n|-resisted|p2a: Swampert\n|-damage|p2a: Swampert|52/100\n|move|p2a: Swampert|Earthquake|p1a: Serperior\n|-supereffective|p1a: Serperior\n|-damage|p1a: Serperior|0 fnt\n|faint|p1a: Serperior\n|\n|upkeep\n|c|☆nimjaishot|i probably shouldnt have multi tasked\n|\n|t:|1761690478\n|switch|p1a: Deoxys|Deoxys-Speed|100/100\n|-damage|p1a: Deoxys|88/100|[from] Stealth Rock\n|-ability|p1a: Deoxys|Pressure\n|turn|18\n|\n|t:|1761690484\n|move|p1a: Deoxys|Grass Knot|p2a: Swampert\n|-supereffective|p2a: Swampert\n|-enditem|p2a: Swampert|Rindo Berry|[eat]\n|-enditem|p2a: Swampert|Rindo Berry|[weaken]\n|-damage|p2a: Swampert|14/100\n|move|p2a: Swampert|Knock Off|p1a: Deoxys\n|-supereffective|p1a: Deoxys\n|-damage|p1a: Deoxys|21/100\n|-enditem|p1a: Deoxys|Power Herb|[from] move: Knock Off|[of] p2a: Swampert\n|\n|upkeep\n|turn|19\n|\n|t:|1761690492\n|move|p1a: Deoxys|Meteor Beam||[still]\n|-prepare|p1a: Deoxys|Meteor Beam\n|-boost|p1a: Deoxys|spa|1\n|move|p2a: Swampert|Flip Turn|p1a: Deoxys\n|-damage|p1a: Deoxys|0 fnt\n|faint|p1a: Deoxys\n|\n|upkeep\n|\n|t:|1761690495\n|switch|p1a: Ceruledge|Ceruledge, M|100/100\n|-damage|p1a: Ceruledge|76/100|[from] Stealth Rock\n|turn|20\n|\n|t:|1761690499\n|detailschange|p1a: Ceruledge|Ceruledge-Mega, M\n|-mega|p1a: Ceruledge|Ceruledge|Ceruledgite\n|move|p1a: Ceruledge|Close Combat|p2a: Swampert\n|-damage|p2a: Swampert|0 fnt\n|-unboost|p1a: Ceruledge|def|1\n|-unboost|p1a: Ceruledge|spd|1\n|faint|p2a: Swampert\n|\n|win|itoshiflwr\n|l|☆nimjaishot\n|player|p2|\n","players":["itoshiflwr","nimjaishot"],"format":"[Gen 9] NatDex Draft","rating":null,"private":0,"password":null,"inputlog":">version c46cc36e35404dc9bff0aa60d7edc2c323c305c2\n>start {\"formatid\":\"gen9natdexdraft@@@Tera Type Preview\",\"seed\":\"sodium,cf41c3c12c83e0b570f6d1d4a360d910\"}\n>player p1 {\"name\":\"itoshiflwr\",\"avatar\":\"caitlin\",\"team\":\"Deoxys|DeoxysSpeed|PowerHerb|Pressure|MeteorBeam,Thunderbolt,GrassKnot,HiddenPowerFire|Rash|252,,4,252,,|N|,0,,,,|||,Fire,,,,Psychic]Serperior||Leftovers|Contrary|TeraBlast,LeafStorm,HiddenPowerRock,Glare|Timid|,,,252,56,200|F||||,Rock,,,,Fire]Urshifu||ChopleBerry|UnseenFist|WickedBlow,SuckerPunch,CloseCombat,SwordsDance|Jolly|,252,16,,,240|F||||,,,,,Fire]Celesteela||AssaultVest|BeastBoost|HeavySlam,Earthquake,RockSlide,Flamethrower||248,,,36,224,|N||||,,,,,Steel]Skarmory-Paper-Ben|SkarmoryPaperBender|RockyHelmet|Sturdy|StealthRock,BodyPress,Roost,IronDefense|Impish|248,,252,,8,|F|,0,,,,|||,,,,,Fairy]Ceruledge||Ceruledgite|FlashFire|BulkUp,BitterBlade,Poltergeist,CloseCombat|Jolly|248,44,,,,216|M||||,,,,,Fire\",\"rating\":0}\n>player p2 {\"name\":\"nimjaishot\",\"avatar\":\"2\",\"team\":\"Queendra||Queendrite|ClearBody|Spikes,IceBeam,Surf,FlipTurn|Timid|4,,,252,,252|F||||,,,,,Ice]Swampert||RindoBerry|Torrent|StealthRock,FlipTurn,Earthquake,KnockOff|Adamant|252,,4,,252,|F||||,,,,,Water]Garganacl||Leftovers|PurifyingSalt|SaltCure,Earthquake,FirePunch,Recover|Careful|4,,252,,252,|M||||,,,,,Dragon]Enamorus||ChoiceScarf|Contrary|TeraBlast,SludgeBomb,EarthPower,Moonblast|Timid|48,,,252,,208|F||||,,,,,Stellar]Morgrem||Eviolite|Prankster|Taunt,PartingShot,ThunderWave,FoulPlay|Impish|4,,252,,252,|M|,0,,,,|||,,,,,Dark]Iron Hands||Leftovers|QuarkDrive|SwordsDance,DrainPunch,ThunderPunch,IcePunch|Adamant|,252,,,172,84|N||||,,,,,Flying\",\"rating\":0}\n>p1 team 4, 2, 3, 1, 5, 6\n>p2 team 5, 2, 3, 4, 1, 6\n>p1 move heavyslam\n>p2 move taunt\n>p1 move heavyslam\n>p2 move partingshot\n>p2 switch 2\n>p1 switch 5\n>p2 move stealthrock\n>p1 move stealthrock\n>p2 move earthquake\n>p1 switch 5\n>p2 move flipturn\n>p2 switch 3\n>p1 move heavyslam\n>p2 move saltcure\n>p1 switch 3\n>p2 move recover\n>p1 move wickedblow\n>p2 switch 6\n>p1 move closecombat\n>p2 move drainpunch\n>p1 move closecombat\n>p2 move drainpunch\n>p1 switch 2\n>p1 move leafstorm\n>p2 move drainpunch\n>p2 switch 4\n>p1 move glare\n>p2 move terablast terastallize\n>p1 move hiddenpower\n>p2 move terablast\n>p2 switch 5\n>p1 move hiddenpower terastallize\n>p2 move icebeam mega\n>p2 switch 6\n>p1 move leafstorm\n>p2 move earthquake\n>chat ☆nimjaishot|gg\n>chat ☆itoshiflwr|gg\n>p2 switch 2\n>p1 move hiddenpower\n>p2 move thunderwave\n>p2 switch 3\n>p1 move terablast\n>p2 move earthquake\n>chat ☆nimjaishot|i probably shouldnt have multi tasked\n>p1 switch 4\n>p1 move grassknot\n>p2 move knockoff\n>p1 move meteorbeam\n>p2 move flipturn\n>p1 switch 6\n>p1 move closecombat mega\n>p2 move earthquake","uploadtime":1761690562}