{"id":"gen9natdexdraft-96","log":"|j|☆skipprthepenguin\n|j|☆umbreonreallysucks\n|t:|1760819372\n|gametype|singles\n|player|p1|skipprthepenguin|102|\n|player|p2|umbreonreallysucks|266|\n|gen|9\n|tier|[Gen 9] NatDex Draft\n|rule|Tera Type Preview: Tera Types are shown at Team Preview\n|rule|Sleep Clause Mod: Limit one foe put to sleep\n|rule|OHKO Clause: OHKO moves are banned\n|rule|Evasion Clause: Evasion abilities, items, and moves are banned\n|rule|Evasion Abilities Clause: Evasion abilities are banned\n|rule|Evasion Items Clause: Evasion items are banned\n|rule|Evasion Moves Clause: Evasion moves are banned\n|rule|Endless Battle Clause: Forcing endless battles is banned\n|rule|HP Percentage Mod: HP is shown in percentages\n|raw|<div class=\"infobox\"><details class=\"readmore\" open><summary><strong>1 custom rule:</strong></summary> Tera Type Preview</details></div>\n|clearpoke\n|poke|p1|Chien-Pao|\n|poke|p1|Iron Valiant|\n|poke|p1|Mamoswine, M|\n|poke|p1|Chesnaught, F|\n|poke|p1|Paleogeist, F|\n|poke|p1|Blastoise, F|\n|poke|p2|Ledigod, F|\n|poke|p2|Aurorus, F|\n|poke|p2|Ho-Ho, M|\n|poke|p2|Probenose, M|\n|poke|p2|Reuniclus-Hell, F|\n|poke|p2|Diamoneye, F|\n|raw|skipprthepenguin's Tera Types:<br /><psicon pokemon=\"chienpao\" /><psicon type=\"Dark\" /> / <psicon pokemon=\"ironvaliant\" /><psicon type=\"Fairy\" /> / <psicon pokemon=\"mamoswine\" /><psicon type=\"Ice\" /> / <psicon pokemon=\"chesnaught\" /><psicon type=\"Grass\" /> / <psicon pokemon=\"paleogeist\" /><psicon type=\"Fairy\" /> / <psicon pokemon=\"blastoise\" /><psicon type=\"Ground\" />\n|raw|umbreonreallysucks's Tera Types:<br /><psicon pokemon=\"ledigod\" /><psicon type=\"Bug\" /> / <psicon pokemon=\"aurorus\" /><psicon type=\"Poison\" /> / <psicon pokemon=\"hoho\" /><psicon type=\"Water\" /> / <psicon pokemon=\"probenose\" /><psicon type=\"Electric\" /> / <psicon pokemon=\"reuniclushell\" /><psicon type=\"Normal\" /> / <psicon pokemon=\"diamoneye\" /><psicon type=\"Ghost\" />\n|teampreview\n|c|☆umbreonreallysucks|Wow no pech\n|c|☆umbreonreallysucks|glhf\n|c|☆skipprthepenguin|glhf\n|\n|t:|1760819422\n|teamsize|p1|6\n|teamsize|p2|6\n|start\n|switch|p1a: Paleogeist|Paleogeist, F|100/100\n|switch|p2a: Ledigod|Ledigod, F|100/100\n|turn|1\n|\n|t:|1760819450\n|move|p2a: Ledigod|Knock Off|p1a: Paleogeist\n|-supereffective|p1a: Paleogeist\n|-damage|p1a: Paleogeist|52/100\n|-enditem|p1a: Paleogeist|Leftovers|[from] move: Knock Off|[of] p2a: Ledigod\n|move|p1a: Paleogeist|Rock Wrecker|p2a: Ledigod\n|-damage|p2a: Ledigod|0 fnt\n|faint|p2a: Ledigod\n|\n|upkeep\n|\n|t:|1760819458\n|switch|p2a: Probenose|Probenose, M|100/100\n|turn|2\n|\n|t:|1760819468\n|switch|p1a: Chesnaught|Chesnaught, F|100/100\n|move|p2a: Probenose|Flash Cannon|p1a: Chesnaught\n|-damage|p1a: Chesnaught|73/100\n|\n|upkeep\n|turn|3\n|\n|t:|1760819477\n|switch|p2a: Ho-Ho|Ho-Ho, M|100/100\n|detailschange|p1a: Chesnaught|Chesnaught-Mega, F\n|-mega|p1a: Chesnaught|Chesnaught|Chesnaughtite\n|move|p1a: Chesnaught|Leech Seed|p2a: Ho-Ho\n|-start|p2a: Ho-Ho|move: Leech Seed\n|\n|-damage|p2a: Ho-Ho|88/100|[from] Leech Seed|[of] p1a: Chesnaught\n|-heal|p1a: Chesnaught|85/100|[silent]\n|upkeep\n|turn|4\n|\n|t:|1760819486\n|move|p1a: Chesnaught|Spiky Shield|p1a: Chesnaught\n|-singleturn|p1a: Chesnaught|move: Protect\n|move|p2a: Ho-Ho|Sacred Fire|p1a: Chesnaught\n|-activate|p1a: Chesnaught|move: Protect\n|\n|-damage|p2a: Ho-Ho|76/100|[from] Leech Seed|[of] p1a: Chesnaught\n|-heal|p1a: Chesnaught|97/100|[silent]\n|upkeep\n|turn|5\n|\n|t:|1760819537\n|switch|p1a: Blastoise|Blastoise, F|100/100\n|move|p2a: Ho-Ho|Sacred Fire|p1a: Blastoise\n|-resisted|p1a: Blastoise\n|-damage|p1a: Blastoise|81/100\n|\n|-damage|p2a: Ho-Ho|64/100|[from] Leech Seed|[of] p1a: Blastoise\n|-heal|p1a: Blastoise|94/100|[silent]\n|upkeep\n|turn|6\n|\n|t:|1760819546\n|switch|p2a: Reuniclus-Hell|Reuniclus-Hell, F|100/100\n|move|p1a: Blastoise|Flip Turn|p2a: Reuniclus-Hell\n|-damage|p2a: Reuniclus-Hell|83/100\n|\n|t:|1760819562\n|switch|p1a: Mamoswine|Mamoswine, M|100/100|[from] Flip Turn\n|\n|upkeep\n|turn|7\n|\n|t:|1760819580\n|move|p1a: Mamoswine|Heavy Slam|p2a: Reuniclus-Hell\n|-supereffective|p2a: Reuniclus-Hell\n|-damage|p2a: Reuniclus-Hell|0 fnt\n|faint|p2a: Reuniclus-Hell\n|\n|upkeep\n|\n|t:|1760819584\n|switch|p2a: Aurorus|Aurorus, F|100/100\n|turn|8\n|\n|t:|1760819629\n|switch|p2a: Probenose|Probenose, M|100/100\n|move|p1a: Mamoswine|Earthquake|p2a: Probenose\n|-immune|p2a: Probenose|[from] ability: Levitate\n|\n|upkeep\n|turn|9\n|\n|t:|1760819659\n|switch|p1a: Chesnaught|Chesnaught-Mega, F|97/100\n|move|p2a: Probenose|Flash Cannon|p1a: Chesnaught\n|-resisted|p1a: Chesnaught\n|-damage|p1a: Chesnaught|86/100\n|\n|upkeep\n|turn|10\n|\n|t:|1760819669\n|move|p1a: Chesnaught|Leech Seed|p2a: Probenose\n|-start|p2a: Probenose|move: Leech Seed\n|move|p2a: Probenose|Volt Switch|p1a: Chesnaught\n|-resisted|p1a: Chesnaught\n|-damage|p1a: Chesnaught|78/100\n|\n|t:|1760819674\n|switch|p2a: Ho-Ho|Ho-Ho, M|97/100|[from] Volt Switch\n|\n|upkeep\n|turn|11\n|\n|t:|1760819679\n|switch|p1a: Blastoise|Blastoise, F|94/100\n|move|p2a: Ho-Ho|Sacred Fire|p1a: Blastoise\n|-resisted|p1a: Blastoise\n|-damage|p1a: Blastoise|76/100\n|-status|p1a: Blastoise|brn\n|\n|-damage|p1a: Blastoise|70/100 brn|[from] brn\n|upkeep\n|turn|12\n|\n|t:|1760819689\n|switch|p2a: Probenose|Probenose, M|100/100\n|move|p1a: Blastoise|Yawn|p2a: Probenose\n|-start|p2a: Probenose|move: Yawn|[of] p1a: Blastoise\n|\n|-damage|p1a: Blastoise|64/100 brn|[from] brn\n|upkeep\n|turn|13\n|\n|t:|1760819711\n|switch|p2a: Aurorus|Aurorus, F|100/100\n|move|p1a: Blastoise|Flip Turn|p2a: Aurorus\n|-supereffective|p2a: Aurorus\n|-damage|p2a: Aurorus|82/100\n|\n|t:|1760819744\n|switch|p1a: Chien-Pao|Chien-Pao|100/100|[from] Flip Turn\n|-ability|p1a: Chien-Pao|Sword of Ruin\n|\n|upkeep\n|turn|14\n|\n|t:|1760819768\n|move|p1a: Chien-Pao|Sacred Sword|p2a: Aurorus\n|-supereffective|p2a: Aurorus\n|-damage|p2a: Aurorus|0 fnt\n|faint|p2a: Aurorus\n|\n|upkeep\n|\n|t:|1760819772\n|switch|p2a: Ho-Ho|Ho-Ho, M|100/100\n|turn|15\n|\n|t:|1760819778\n|switch|p1a: Blastoise|Blastoise, F|64/100 brn\n|move|p2a: Ho-Ho|Sacred Fire|p1a: Blastoise\n|-resisted|p1a: Blastoise\n|-damage|p1a: Blastoise|45/100 brn\n|\n|-damage|p1a: Blastoise|39/100 brn|[from] brn\n|upkeep\n|turn|16\n|\n|t:|1760819788\n|-terastallize|p2a: Ho-Ho|Water\n|move|p1a: Blastoise|Yawn|p2a: Ho-Ho\n|-start|p2a: Ho-Ho|move: Yawn|[of] p1a: Blastoise\n|move|p2a: Ho-Ho|Earthquake|p1a: Blastoise\n|-damage|p1a: Blastoise|17/100 brn\n|\n|-damage|p1a: Blastoise|10/100 brn|[from] brn\n|upkeep\n|turn|17\n|\n|t:|1760819797\n|switch|p2a: Probenose|Probenose, M|100/100\n|move|p1a: Blastoise|Flip Turn|p2a: Probenose\n|-damage|p2a: Probenose|94/100\n|j| The_Shawdoin\n|c| The_Shawdoin|I was waiting for the live link lol\n|c|☆umbreonreallysucks|you aint miss anything lol\n|c|☆umbreonreallysucks|i played terrible this game\n|\n|t:|1760819942\n|switch|p1a: Chesnaught|Chesnaught-Mega, F|78/100|[from] Flip Turn\n|\n|upkeep\n|turn|18\n|\n|t:|1760819951\n|move|p1a: Chesnaught|Body Press|p2a: Probenose\n|-supereffective|p2a: Probenose\n|-damage|p2a: Probenose|38/100\n|-enditem|p2a: Probenose|Sitrus Berry|[eat]\n|-heal|p2a: Probenose|63/100|[from] item: Sitrus Berry\n|move|p2a: Probenose|Volt Switch|p1a: Chesnaught\n|-resisted|p1a: Chesnaught\n|-damage|p1a: Chesnaught|69/100\n|\n|t:|1760819958\n|switch|p2a: Ho-Ho|Ho-Ho, M, tera:Water|100/100|[from] Volt Switch\n|\n|upkeep\n|turn|19\n|\n|t:|1760819962\n|move|p1a: Chesnaught|Spiky Shield|p1a: Chesnaught\n|-singleturn|p1a: Chesnaught|move: Protect\n|move|p2a: Ho-Ho|Sacred Fire|p1a: Chesnaught\n|-activate|p1a: Chesnaught|move: Protect\n|\n|upkeep\n|turn|20\n|\n|t:|1760819969\n|switch|p1a: Blastoise|Blastoise, F|10/100 brn\n|move|p2a: Ho-Ho|Sacred Fire|p1a: Blastoise\n|-resisted|p1a: Blastoise\n|-damage|p1a: Blastoise|0 fnt\n|faint|p1a: Blastoise\n|\n|upkeep\n|\n|t:|1760820001\n|switch|p1a: Chesnaught|Chesnaught-Mega, F|69/100\n|turn|21\n|\n|t:|1760820004\n|move|p1a: Chesnaught|Spiky Shield|p1a: Chesnaught\n|-singleturn|p1a: Chesnaught|move: Protect\n|move|p2a: Ho-Ho|Sacred Fire|p1a: Chesnaught\n|-activate|p1a: Chesnaught|move: Protect\n|\n|upkeep\n|turn|22\n|\n|t:|1760820012\n|switch|p1a: Paleogeist|Paleogeist, F|52/100\n|move|p2a: Ho-Ho|Sacred Fire|p1a: Paleogeist\n|-resisted|p1a: Paleogeist\n|-damage|p1a: Paleogeist|39/100\n|\n|upkeep\n|turn|23\n|\n|t:|1760820022\n|-terastallize|p1a: Paleogeist|Fairy\n|move|p2a: Ho-Ho|Earthquake|p1a: Paleogeist\n|-damage|p1a: Paleogeist|21/100\n|move|p1a: Paleogeist|Slack Off|p1a: Paleogeist\n|-heal|p1a: Paleogeist|71/100\n|\n|upkeep\n|turn|24\n|\n|t:|1760820091\n|move|p2a: Ho-Ho|Thunder Wave|p1a: Paleogeist\n|-status|p1a: Paleogeist|par\n|move|p1a: Paleogeist|Slack Off|p1a: Paleogeist\n|-heal|p1a: Paleogeist|100/100 par\n|\n|upkeep\n|turn|25\n|\n|t:|1760820099\n|switch|p2a: Probenose|Probenose, M|63/100\n|move|p1a: Paleogeist|Rock Wrecker|p2a: Probenose\n|-resisted|p2a: Probenose\n|-damage|p2a: Probenose|38/100\n|\n|upkeep\n|turn|26\n|\n|t:|1760820152\n|move|p2a: Probenose|Flash Cannon|p1a: Paleogeist\n|-supereffective|p1a: Paleogeist\n|-damage|p1a: Paleogeist|63/100 par\n|move|p1a: Paleogeist|Hammer Arm|p2a: Probenose\n|-supereffective|p2a: Probenose\n|-damage|p2a: Probenose|0 fnt\n|-unboost|p1a: Paleogeist|spe|1\n|faint|p2a: Probenose\n|\n|upkeep\n|\n|t:|1760820166\n|switch|p2a: Diamoneye|Diamoneye, F|100/100\n|turn|27\n|\n|t:|1760820172\n|detailschange|p2a: Diamoneye|Diamoneye-Mega, F\n|-mega|p2a: Diamoneye|Diamoneye|Diamoneyite\n|-ability|p2a: Diamoneye|Unnerve\n|move|p2a: Diamoneye|Shadow Ball|p1a: Paleogeist\n|-damage|p1a: Paleogeist|25/100 par\n|move|p1a: Paleogeist|Tera Blast|p2a: Diamoneye|[anim] Tera Blast Fairy\n|-supereffective|p2a: Diamoneye\n|-damage|p2a: Diamoneye|0 fnt\n|faint|p2a: Diamoneye\n|detailschange|p2: Diamoneye|Diamoneye, F|[silent]\n|\n|upkeep\n|\n|t:|1760820183\n|switch|p2a: Ho-Ho|Ho-Ho, M, tera:Water|100/100\n|turn|28\n|\n|t:|1760820186\n|move|p2a: Ho-Ho|Earthquake|p1a: Paleogeist\n|-damage|p1a: Paleogeist|7/100 par\n|move|p1a: Paleogeist|Slack Off|p1a: Paleogeist\n|-heal|p1a: Paleogeist|57/100 par\n|\n|upkeep\n|turn|29\n|\n|t:|1760820191\n|move|p2a: Ho-Ho|Earthquake|p1a: Paleogeist\n|-damage|p1a: Paleogeist|39/100 par\n|move|p1a: Paleogeist|Slack Off|p1a: Paleogeist\n|-heal|p1a: Paleogeist|89/100 par\n|\n|upkeep\n|turn|30\n|\n|t:|1760820196\n|move|p2a: Ho-Ho|Earthquake|p1a: Paleogeist\n|-damage|p1a: Paleogeist|71/100 par\n|cant|p1a: Paleogeist|par\n|\n|upkeep\n|turn|31\n|\n|t:|1760820199\n|move|p2a: Ho-Ho|Earthquake|p1a: Paleogeist\n|-damage|p1a: Paleogeist|53/100 par\n|cant|p1a: Paleogeist|par\n|\n|upkeep\n|turn|32\n|\n|t:|1760820202\n|move|p2a: Ho-Ho|Earthquake|p1a: Paleogeist\n|-damage|p1a: Paleogeist|37/100 par\n|move|p1a: Paleogeist|Slack Off|p1a: Paleogeist\n|-heal|p1a: Paleogeist|87/100 par\n|\n|upkeep\n|turn|33\n|\n|t:|1760820205\n|move|p2a: Ho-Ho|Earthquake|p1a: Paleogeist\n|-damage|p1a: Paleogeist|69/100 par\n|move|p1a: Paleogeist|Rock Wrecker|p2a: Ho-Ho\n|-damage|p2a: Ho-Ho|31/100\n|\n|upkeep\n|turn|34\n|\n|t:|1760820208\n|move|p2a: Ho-Ho|Earthquake|p1a: Paleogeist\n|-damage|p1a: Paleogeist|51/100 par\n|move|p1a: Paleogeist|Rock Wrecker|p2a: Ho-Ho\n|-damage|p2a: Ho-Ho|0 fnt\n|faint|p2a: Ho-Ho\n|\n|win|skipprthepenguin\n|c|☆skipprthepenguin|ggs\n|c|☆umbreonreallysucks|gg\n","players":["skipprthepenguin","umbreonreallysucks"],"format":"[Gen 9] NatDex Draft","rating":null,"private":0,"password":null,"inputlog":">version 266cd7969f11373d44307dd452d2e51e08c39070\n>start {\"formatid\":\"gen9natdexdraft@@@Tera Type Preview\",\"seed\":\"sodium,1237418e6c7cac9e47c21a1fe901ba2c\"}\n>player p1 {\"name\":\"skipprthepenguin\",\"avatar\":\"102\",\"team\":\"Chien-Pao||ExpertBelt|SwordofRuin|IcicleCrash,PsychicFangs,IceShard,SacredSword|Jolly|24,252,,,,232|N||||,,,,,Dark]Iron Valiant||BoosterEnergy|QuarkDrive|Moonblast,AuraSphere,Psychic,CalmMind|Timid|24,,,252,,232|N|,0,,,,|||,,,,,Fairy]Mamoswine||AssaultVest|ThickFat|Earthquake,IcicleCrash,RockSlide,HeavySlam|Adamant|160,252,,,96,|M||||,,,,,Ice]Chesnaught||Chesnaughtite|Bulletproof|BodyPress,IronHead,LeechSeed,SpikyShield|Impish|252,,160,,76,20|F||||,,,,,Grass]Paleogeist||Leftovers|SheerWillpower|RockWrecker,HammerArm,TeraBlast,SlackOff|Adamant|248,252,,,8,|F||||,,,,,Fairy]Blastoise||HeavyDutyBoots|Torrent|FlipTurn,WaveCrash,Yawn,RapidSpin|Careful|252,,4,,252,|F||||,,,,,Ground\",\"rating\":0}\n>player p2 {\"name\":\"umbreonreallysucks\",\"avatar\":\"266\",\"team\":\"Ledigod||ChoiceScarf|IronFist|CloseCombat,KnockOff,Uturn,DrainPunch|Jolly|68,252,8,,,180|F||||,,,,,Bug]Aurorus||ChoiceSpecs|Refrigerate|HyperVoice,FreezeDry,EarthPower,FlashCannon|Modest|248,,,252,8,|F|,0,,,,|||,,,,,Poison]Ho-Ho||HeavyDutyBoots|Regenerator|SacredFire,Earthquake,ThunderWave|Impish|248,8,252,,,|M||||,,,,,Water]Probenose||SitrusBerry|Levitate|EarthPower,FlashCannon,VoltSwitch,RapidSpin|Relaxed|248,,252,8,,|M||||,,,,,Electric]Reuniclus-Hell||AssaultVest|Regenerator|DrainingKiss,HiddenPowerFire,Psychic,KnockOff|Modest|248,,68,24,168,|F||||,Fire,,,,Normal]Diamoneye||Diamoneyite|Prankster|ShadowBall,DarkPulse,DazzlingGleam,ThunderWave|Timid|,,66,252,,190|F|,0,,,,|||,,,,,Ghost\",\"rating\":0}\n>chat ☆umbreonreallysucks|Wow no pech\n>chat ☆umbreonreallysucks|glhf\n>chat ☆skipprthepenguin|glhf\n>p1 team 5, 2, 3, 4, 1, 6\n>p2 team 1, 2, 3, 4, 5, 6\n>p1 move rockwrecker\n>p2 move knockoff\n>p2 switch 4\n>p1 switch 4\n>p2 move flashcannon\n>p1 move leechseed mega\n>p2 switch 3\n>p1 move spikyshield\n>p2 move sacredfire\n>p1 switch 6\n>p2 move sacredfire\n>p1 move flipturn\n>p2 switch 5\n>p1 switch 3\n>p1 move heavyslam\n>p2 move psychic\n>p2 switch 2\n>p1 move earthquake\n>p2 switch 3\n>p1 switch 6\n>p2 move flashcannon\n>p1 move leechseed\n>p2 move voltswitch\n>p2 switch 5\n>p1 switch 3\n>p2 move sacredfire\n>p1 move yawn\n>p2 switch 5\n>p1 move flipturn\n>p2 switch 3\n>p1 switch 5\n>p1 move sacredsword\n>p2 move flashcannon\n>p2 switch 5\n>p1 switch 5\n>p2 move sacredfire\n>p1 move yawn\n>p2 move earthquake terastallize\n>p1 move flipturn\n>p2 switch 3\n>chat  The_Shawdoin|I was waiting for the live link lol\n>chat ☆umbreonreallysucks|you aint miss anything lol\n>chat ☆umbreonreallysucks|i played terrible this game\n>p1 switch 3\n>p1 move bodypress\n>p2 move voltswitch\n>p2 switch 3\n>p1 move spikyshield\n>p2 move sacredfire\n>p1 switch 3\n>p2 move sacredfire\n>p1 switch 3\n>p1 move spikyshield\n>p2 move sacredfire\n>p1 switch 4\n>p2 move sacredfire\n>p1 move slackoff terastallize\n>p2 move earthquake\n>p1 move slackoff\n>p2 move thunderwave\n>p1 move rockwrecker\n>p2 switch 3\n>p1 move hammerarm\n>p2 move flashcannon\n>p2 switch 6\n>p1 move terablast\n>p2 move shadowball mega\n>p2 switch 3\n>p1 move slackoff\n>p2 move earthquake\n>p1 move slackoff\n>p2 move earthquake\n>p1 move rockwrecker\n>p2 move earthquake\n>p1 move rockwrecker\n>p2 move earthquake\n>p1 move slackoff\n>p2 move earthquake\n>p1 move rockwrecker\n>p2 move earthquake\n>p1 move rockwrecker\n>p2 move earthquake","uploadtime":1760820217}