{"id":"gen9natdexdraft-61","log":"|j|☆poisonhealingg\n|j|☆chub hub\n|t:|1760197169\n|gametype|singles\n|player|p1|poisonhealingg|266|\n|player|p2|chub hub|1|\n|gen|9\n|tier|[Gen 9] NatDex Draft\n|rule|Tera Type Preview: Tera Types are shown at Team Preview\n|rule|Sleep Clause Mod: Limit one foe put to sleep\n|rule|OHKO Clause: OHKO moves are banned\n|rule|Evasion Clause: Evasion abilities, items, and moves are banned\n|rule|Evasion Abilities Clause: Evasion abilities are banned\n|rule|Evasion Items Clause: Evasion items are banned\n|rule|Evasion Moves Clause: Evasion moves are banned\n|rule|Endless Battle Clause: Forcing endless battles is banned\n|rule|HP Percentage Mod: HP is shown in percentages\n|raw|<div class=\"infobox\"><details class=\"readmore\" open><summary><strong>1 custom rule:</strong></summary> Tera Type Preview</details></div>\n|clearpoke\n|poke|p1|Diamoneye, M|\n|poke|p1|Probenose, M|\n|poke|p1|Great Tusk|\n|poke|p1|Ogerpon, F|\n|poke|p1|Glimmora, M|\n|poke|p1|Primarina, F|\n|poke|p2|Drifblim-Hell, F|\n|poke|p2|Iron Saw, F|\n|poke|p2|Cursolo, F|\n|poke|p2|Scream Tail|\n|poke|p2|Spike Claw, M|\n|poke|p2|Arcanine-Hisui, M|\n|raw|poisonhealingg's Tera Types:<br /><psicon pokemon=\"diamoneye\" /><psicon type=\"Ghost\" /> / <psicon pokemon=\"probenose\" /><psicon type=\"Electric\" /> / <psicon pokemon=\"greattusk\" /><psicon type=\"Electric\" /> / <psicon pokemon=\"ogerpon\" /><psicon type=\"Grass\" /> / <psicon pokemon=\"glimmora\" /><psicon type=\"Rock\" /> / <psicon pokemon=\"primarina\" /><psicon type=\"Water\" />\n|raw|chub hub's Tera Types:<br /><psicon pokemon=\"drifblimhell\" /><psicon type=\"Water\" /> / <psicon pokemon=\"ironsaw\" /><psicon type=\"Electric\" /> / <psicon pokemon=\"cursolo\" /><psicon type=\"Poison\" /> / <psicon pokemon=\"screamtail\" /><psicon type=\"Fairy\" /> / <psicon pokemon=\"spikeclaw\" /><psicon type=\"Grass\" /> / <psicon pokemon=\"arcaninehisui\" /><psicon type=\"Fire\" />\n|teampreview\n|c|☆poisonhealingg|glhf\n|c|☆chub hub|hf family\n|\n|t:|1760197265\n|teamsize|p1|6\n|teamsize|p2|6\n|start\n|switch|p1a: Ogerpon|Ogerpon, F|100/100\n|switch|p2a: Drifblim-Hell|Drifblim-Hell, F|100/100\n|turn|1\n|\n|t:|1760197309\n|detailschange|p2a: Drifblim-Hell|Drifblim-Hell-Mega, F\n|-mega|p2a: Drifblim-Hell|Drifblim-Hell|Drifblimite Hell\n|move|p1a: Ogerpon|U-turn|p2a: Drifblim-Hell\n|-resisted|p2a: Drifblim-Hell\n|-damage|p2a: Drifblim-Hell|91/100\n|\n|t:|1760197317\n|switch|p1a: Probenose|Probenose, M|100/100|[from] U-turn\n|move|p2a: Drifblim-Hell|Sludge Bomb|p1a: Probenose\n|-immune|p1a: Probenose\n|\n|upkeep\n|turn|2\n|\n|t:|1760197357\n|move|p1a: Probenose|Stealth Rock|p2a: Drifblim-Hell\n|-sidestart|p2: chub hub|move: Stealth Rock\n|move|p2a: Drifblim-Hell|Mirror Coat||[still]\n|-fail|p2a: Drifblim-Hell\n|\n|upkeep\n|turn|3\n|j| menace2sociteh\n|\n|t:|1760197413\n|move|p2a: Drifblim-Hell|Surf|p1a: Probenose\n|-crit|p1a: Probenose\n|-damage|p1a: Probenose|51/100\n|move|p1a: Probenose|Earth Power|p2a: Drifblim-Hell\n|-immune|p2a: Drifblim-Hell|[from] ability: Levitate\n|\n|upkeep\n|turn|4\n|j| MegaIdot\n|\n|t:|1760197436\n|move|p1a: Probenose|Recover|p1a: Probenose\n|-heal|p1a: Probenose|100/100\n|move|p2a: Drifblim-Hell|Mirror Coat||[still]\n|-fail|p2a: Drifblim-Hell\n|\n|upkeep\n|turn|5\n|\n|t:|1760197475\n|switch|p1a: Primarina|Primarina, F|100/100\n|move|p2a: Drifblim-Hell|Surf|p1a: Primarina\n|-resisted|p1a: Primarina\n|-damage|p1a: Primarina|81/100\n|\n|-heal|p1a: Primarina|87/100|[from] item: Leftovers\n|upkeep\n|turn|6\n|\n|t:|1760197491\n|move|p1a: Primarina|Flip Turn|p2a: Drifblim-Hell\n|-resisted|p2a: Drifblim-Hell\n|-damage|p2a: Drifblim-Hell|86/100\n|\n|t:|1760197520\n|switch|p1a: Probenose|Probenose, M|100/100|[from] Flip Turn\n|move|p2a: Drifblim-Hell|Sludge Bomb|p1a: Probenose\n|-immune|p1a: Probenose\n|\n|upkeep\n|turn|7\n|\n|t:|1760197530\n|move|p2a: Drifblim-Hell|Strength Sap|p1a: Probenose\n|-unboost|p1a: Probenose|atk|1\n|-heal|p2a: Drifblim-Hell|100/100\n|move|p1a: Probenose|Volt Switch|p2a: Drifblim-Hell\n|-supereffective|p2a: Drifblim-Hell\n|-damage|p2a: Drifblim-Hell|62/100\n|\n|t:|1760197540\n|switch|p1a: Glimmora|Glimmora, M|100/100|[from] Volt Switch\n|\n|upkeep\n|turn|8\n|\n|t:|1760197553\n|move|p1a: Glimmora|Meteor Beam||[still]\n|-prepare|p1a: Glimmora|Meteor Beam\n|-boost|p1a: Glimmora|spa|1\n|-enditem|p1a: Glimmora|Power Herb\n|-anim|p1a: Glimmora|Meteor Beam|p2a: Drifblim-Hell\n|-damage|p2a: Drifblim-Hell|0 fnt\n|faint|p2a: Drifblim-Hell\n|detailschange|p2: Drifblim-Hell|Drifblim-Hell, F|[silent]\n|\n|upkeep\n|j| UmbreonReallySucks\n|\n|t:|1760197625\n|switch|p2a: Cursolo|Cursolo, F, shiny|100/100\n|-damage|p2a: Cursolo|88/100|[from] Stealth Rock\n|turn|9\n|c| menace2sociteh|mr solo dolo\n|\n|t:|1760197668\n|move|p1a: Glimmora|Power Gem|p2a: Cursolo\n|-damage|p2a: Cursolo|51/100\n|move|p2a: Cursolo|Calm Mind|p2a: Cursolo\n|-boost|p2a: Cursolo|spa|1\n|-boost|p2a: Cursolo|spd|1\n|\n|-heal|p2a: Cursolo|57/100|[from] item: Leftovers\n|upkeep\n|turn|10\n|\n|t:|1760197671\n|move|p1a: Glimmora|Meteor Beam||[still]\n|-prepare|p1a: Glimmora|Meteor Beam\n|-boost|p1a: Glimmora|spa|1\n|move|p2a: Cursolo|Strength Sap|p1a: Glimmora\n|-unboost|p1a: Glimmora|atk|1\n|-heal|p2a: Cursolo|85/100\n|\n|-heal|p2a: Cursolo|91/100|[from] item: Leftovers\n|upkeep\n|turn|11\n|\n|t:|1760197676\n|move|p1a: Glimmora|Meteor Beam|p2a: Cursolo|[from] lockedmove\n|-damage|p2a: Cursolo|39/100\n|move|p2a: Cursolo|Infernal Parade|p1a: Glimmora\n|-damage|p1a: Glimmora|45/100\n|\n|-heal|p2a: Cursolo|45/100|[from] item: Leftovers\n|upkeep\n|turn|12\n|\n|t:|1760197684\n|move|p1a: Glimmora|Power Gem|p2a: Cursolo\n|-damage|p2a: Cursolo|13/100\n|move|p2a: Cursolo|Strength Sap|p1a: Glimmora\n|-unboost|p1a: Glimmora|atk|1\n|-heal|p2a: Cursolo|31/100\n|\n|-heal|p2a: Cursolo|37/100|[from] item: Leftovers\n|upkeep\n|turn|13\n|\n|t:|1760197689\n|move|p1a: Glimmora|Power Gem|p2a: Cursolo\n|-damage|p2a: Cursolo|4/100\n|move|p2a: Cursolo|Infernal Parade|p1a: Glimmora\n|-damage|p1a: Glimmora|0 fnt\n|faint|p1a: Glimmora\n|\n|-heal|p2a: Cursolo|10/100|[from] item: Leftovers\n|upkeep\n|\n|t:|1760197734\n|switch|p1a: Primarina|Primarina, F|87/100\n|turn|14\n|\n|t:|1760197741\n|move|p1a: Primarina|Flip Turn|p2a: Cursolo\n|-damage|p2a: Cursolo|0 fnt\n|faint|p2a: Cursolo\n|\n|t:|1760197744\n|switch|p1a: Ogerpon|Ogerpon, F|100/100|[from] Flip Turn\n|\n|upkeep\n|\n|t:|1760197760\n|switch|p2a: Arcanine|Arcanine-Hisui, M, shiny|100/100\n|-damage|p2a: Arcanine|76/100|[from] Stealth Rock\n|turn|15\n|\n|t:|1760197838\n|-terastallize|p1a: Ogerpon|Grass\n|detailschange|p1a: Ogerpon|Ogerpon-Teal-Tera, F, tera:Grass\n|-ability|p1a: Ogerpon|Embody Aspect (Teal)|boost\n|-boost|p1a: Ogerpon|spe|1\n|-terastallize|p2a: Arcanine|Fire\n|move|p1a: Ogerpon|Stomping Tantrum|p2a: Arcanine\n|-supereffective|p2a: Arcanine\n|-damage|p2a: Arcanine|0 fnt\n|faint|p2a: Arcanine\n|\n|upkeep\n|\n|t:|1760197854\n|switch|p2a: Scream Tail|Scream Tail, shiny|100/100\n|-damage|p2a: Scream Tail|88/100|[from] Stealth Rock\n|turn|16\n|\n|t:|1760197859\n|switch|p1a: Probenose|Probenose, M|100/100\n|move|p2a: Scream Tail|Thunder Wave|p1a: Probenose|[miss]\n|-miss|p2a: Scream Tail|p1a: Probenose\n|\n|upkeep\n|turn|17\n|\n|t:|1760197869\n|move|p2a: Scream Tail|Flamethrower|p1a: Probenose\n|-supereffective|p1a: Probenose\n|-damage|p1a: Probenose|78/100\n|move|p1a: Probenose|Volt Switch|p2a: Scream Tail\n|-damage|p2a: Scream Tail|74/100\n|\n|t:|1760197875\n|switch|p1a: Ogerpon|Ogerpon-Teal-Tera, F, tera:Grass|100/100|[from] Volt Switch\n|-ability|p1a: Ogerpon|Embody Aspect (Teal)|boost\n|-boost|p1a: Ogerpon|spe|1\n|\n|upkeep\n|turn|18\n|\n|t:|1760197888\n|move|p1a: Ogerpon|U-turn|p2a: Scream Tail\n|-damage|p2a: Scream Tail|48/100\n|\n|t:|1760197895\n|switch|p1a: Great Tusk|Great Tusk|100/100|[from] U-turn\n|-enditem|p1a: Great Tusk|Booster Energy\n|-activate|p1a: Great Tusk|ability: Protosynthesis|[fromitem]\n|-start|p1a: Great Tusk|protosynthesisatk\n|move|p2a: Scream Tail|Thunder Wave|p1a: Great Tusk\n|-immune|p1a: Great Tusk\n|\n|upkeep\n|turn|19\n|l| menace2sociteh\n|\n|t:|1760197918\n|move|p2a: Scream Tail|Dazzling Gleam|p1a: Great Tusk\n|-supereffective|p1a: Great Tusk\n|-damage|p1a: Great Tusk|35/100\n|move|p1a: Great Tusk|Headlong Rush|p2a: Scream Tail\n|-damage|p2a: Scream Tail|0 fnt\n|-unboost|p1a: Great Tusk|def|1\n|-unboost|p1a: Great Tusk|spd|1\n|faint|p2a: Scream Tail\n|-end|p2a: Scream Tail|Protosynthesis|[silent]\n|\n|upkeep\n|\n|t:|1760197948\n|switch|p2a: Spike Claw|Spike Claw, M, shiny|100/100\n|-damage|p2a: Spike Claw|88/100|[from] Stealth Rock\n|turn|20\n|\n|t:|1760197953\n|-end|p1a: Great Tusk|Protosynthesis|[silent]\n|switch|p1a: Probenose|Probenose, M|78/100\n|move|p2a: Spike Claw|U-turn|p1a: Probenose\n|-resisted|p1a: Probenose\n|-damage|p1a: Probenose|68/100\n|\n|t:|1760197955\n|-end|p2a: Spike Claw|Protosynthesis|[silent]\n|switch|p2a: Iron Saw|Iron Saw, F, shiny|100/100|[from] U-turn\n|-damage|p2a: Iron Saw|94/100|[from] Stealth Rock\n|\n|upkeep\n|turn|21\n|\n|t:|1760197965\n|move|p2a: Iron Saw|Close Combat|p1a: Probenose\n|-supereffective|p1a: Probenose\n|-enditem|p1a: Probenose|Chople Berry|[eat]\n|-enditem|p1a: Probenose|Chople Berry|[weaken]\n|-damage|p1a: Probenose|45/100\n|-unboost|p2a: Iron Saw|def|1\n|-unboost|p2a: Iron Saw|spd|1\n|move|p1a: Probenose|Earth Power|p2a: Iron Saw\n|-supereffective|p2a: Iron Saw\n|-damage|p2a: Iron Saw|0 fnt\n|faint|p2a: Iron Saw\n|-end|p2a: Iron Saw|Quark Drive|[silent]\n|\n|upkeep\n|\n|t:|1760197972\n|switch|p2a: Spike Claw|Spike Claw, M, shiny|88/100\n|-damage|p2a: Spike Claw|76/100|[from] Stealth Rock\n|turn|22\n|\n|t:|1760197992\n|move|p2a: Spike Claw|Play Rough|p1a: Probenose\n|-resisted|p1a: Probenose\n|-damage|p1a: Probenose|32/100\n|move|p1a: Probenose|Volt Switch|p2a: Spike Claw\n|-resisted|p2a: Spike Claw\n|-damage|p2a: Spike Claw|65/100\n|\n|t:|1760197994\n|switch|p1a: Ogerpon|Ogerpon-Teal-Tera, F, tera:Grass|100/100|[from] Volt Switch\n|-ability|p1a: Ogerpon|Embody Aspect (Teal)|boost\n|-boost|p1a: Ogerpon|spe|1\n|\n|upkeep\n|turn|23\n|\n|t:|1760197997\n|move|p1a: Ogerpon|U-turn|p2a: Spike Claw\n|-supereffective|p2a: Spike Claw\n|-damage|p2a: Spike Claw|0 fnt\n|faint|p2a: Spike Claw\n|-end|p2a: Spike Claw|Protosynthesis|[silent]\n|\n|win|poisonhealingg\n|c|☆poisonhealingg|gg\n|c|☆chub hub|gg\n|l|☆chub hub\n|player|p2|\n","players":["poisonhealingg","chub hub"],"format":"[Gen 9] NatDex Draft","rating":null,"private":0,"password":null,"inputlog":">version c5f06566d1a0a24bc6fa6bc2146fd951ef712f76\n>start {\"formatid\":\"gen9natdexdraft@@@Tera Type Preview\",\"seed\":\"sodium,462abb8c34c255b074887d0f963eda79\"}\n>player p1 {\"name\":\"poisonhealingg\",\"avatar\":\"266\",\"team\":\"Diamoneye||Diamoneyite|Pickpocket|Hex,WillOWisp,NastyPlot,Recover|Modest|,,72,224,,212|M|,0,,,,|||,,,,,Ghost]Probenose||ChopleBerry|Levitate|VoltSwitch,EarthPower,StealthRock,Recover|Bold|248,,252,,8,|M|,0,,,,|||,,,,,Electric]Great Tusk||BoosterEnergy|Protosynthesis|HeadlongRush,SupercellSlam,ZenHeadbutt,RapidSpin|Adamant|,252,24,,,232|N||||,Fighting,,,,Electric]Ogerpon||ChoiceBand|Defiant|IvyCudgel,PlayRough,StompingTantrum,Uturn|Jolly|,252,24,,,232|F||||,Poison,,,,Grass]Glimmora||PowerHerb|Corrosion|MeteorBeam,PowerGem,EarthPower,RockPolish|Modest|,,,252,56,200|M|,0,,,,|||,,,,,Rock]Primarina||Leftovers|Torrent|Scald,FlipTurn,DrainingKiss,PsychicNoise|Bold|240,,252,,,16|F||||,,,,,Water\",\"rating\":0}\n>player p2 {\"name\":\"chub hub\",\"avatar\":\"1\",\"team\":\"Drifblim-Hell||DrifblimiteHell|PoisonPoint|Surf,SludgeBomb,StrengthSap,MirrorCoat|Bold|,,252,252,4,|F|,0,,,,|||,,,,,Water]Iron Saw||ChoiceScarf|QuarkDrive|PlayRough,LeafBlade,CloseCombat,Uturn|Adamant|40,252,28,,32,156|F||S||,,,,,Electric]Cursolo||Leftovers|CursedBody|StrengthSap,CalmMind,InfernalParade,IronDefense|Calm|248,,8,,252,|F|,0,,,,|S||,,,,,Poison]Scream Tail||KasibBerry|Protosynthesis|ThunderWave,DazzlingGleam,Flamethrower,Wish|Timid|248,,,8,,252|N|,0,,,,|S||,,,,,Fairy]Spike Claw||ChoiceBand|Protosynthesis|PlayRough,DireClaw,SeedBomb,Uturn|Jolly|96,252,,,,160|M||S||,,,,,Grass]Arcanine|ArcanineHisui|Charcoal|RockHead|HeadSmash,FlameCharge,FlareBlitz,StealthRock|Jolly|24,252,,,,232|M||S||,,,,,Fire\",\"rating\":0}\n>chat ☆poisonhealingg|glhf\n>chat ☆chub hub|hf family\n>p1 team 4, 2, 3, 1, 5, 6\n>p2 team 1, 2, 3, 4, 5, 6\n>p1 move uturn\n>p2 move sludgebomb mega\n>p1 switch 2\n>p1 move stealthrock\n>p2 move mirrorcoat\n>p1 move earthpower\n>p2 move surf\n>p1 move recover\n>p2 move mirrorcoat\n>p1 switch 6\n>p2 move surf\n>p1 move flipturn\n>p2 move sludgebomb\n>p1 switch 6\n>p1 move voltswitch\n>p2 move strengthsap\n>p1 switch 5\n>p1 move meteorbeam\n>p2 move strengthsap\n>p2 switch 3\n>chat  menace2sociteh|mr solo dolo\n>p1 move powergem\n>p2 move calmmind\n>p1 move meteorbeam\n>p2 move strengthsap\n>p1 move meteorbeam\n>p2 move infernalparade\n>p1 move powergem\n>p2 move strengthsap\n>p1 move powergem\n>p2 move infernalparade\n>p1 switch 6\n>p1 move flipturn\n>p2 move infernalparade\n>p1 switch 2\n>p2 switch 6\n>p1 move stompingtantrum terastallize\n>p2 move flareblitz terastallize\n>p2 switch 4\n>p1 switch 5\n>p2 move thunderwave\n>p1 move voltswitch\n>p2 move flamethrower\n>p1 switch 5\n>p1 move uturn\n>p2 move thunderwave\n>p1 switch 3\n>p1 move headlongrush\n>p2 move dazzlinggleam\n>p2 switch 5\n>p1 switch 5\n>p2 move uturn\n>p2 switch 2\n>p1 move earthpower\n>p2 move closecombat\n>p2 switch 2\n>p1 move voltswitch\n>p2 move playrough\n>p1 switch 3\n>p1 move uturn\n>p2 move playrough","uploadtime":1760198006}