{"id":"gen9natdexdraft-218","log":"|j|☆Misty Mead 2\n|j|☆pechsiedl\n|t:|1766340103\n|gametype|singles\n|player|p1|Misty Mead 2|265|\n|player|p2|pechsiedl|170|\n|gen|9\n|tier|[Gen 9] NatDex Draft\n|rule|Sleep Clause Mod: Limit one foe put to sleep\n|rule|OHKO Clause: OHKO moves are banned\n|rule|Evasion Clause: Evasion abilities, items, and moves are banned\n|rule|Evasion Abilities Clause: Evasion abilities are banned\n|rule|Evasion Items Clause: Evasion items are banned\n|rule|Evasion Moves Clause: Evasion moves are banned\n|rule|Endless Battle Clause: Forcing endless battles is banned\n|rule|HP Percentage Mod: HP is shown in percentages\n|clearpoke\n|poke|p1|Dragapult, M|\n|poke|p1|Iron Treads|\n|poke|p1|Tapu Lele|\n|poke|p1|Cinderace, M|\n|poke|p1|Rotom-Wash|\n|poke|p1|Qwilfish-Hisui, F|\n|poke|p2|Porygon2|\n|poke|p2|Spectrier|\n|poke|p2|Corviknight, M|\n|poke|p2|Samurott-Hisui, F|\n|poke|p2|Sylveon, M|\n|poke|p2|Seismitoad, M|\n|teampreview\n|c|☆Misty Mead 2|Will you share the link pls?\n|c|☆pechsiedl|Will do\n|c|☆Misty Mead 2|ty\n|c|☆pechsiedl|Glhf then\n|\n|t:|1766340254\n|teamsize|p1|6\n|teamsize|p2|6\n|start\n|switch|p1a: Yi Sunsin|Rotom-Wash|100/100\n|switch|p2a: The Unforgiven|Seismitoad, M, shiny|100/100\n|turn|1\n|\n|t:|1766340266\n|move|p1a: Yi Sunsin|Shadow Ball|p2a: The Unforgiven\n|-damage|p2a: The Unforgiven|64/100\n|-unboost|p2a: The Unforgiven|spd|1\n|move|p2a: The Unforgiven|Stealth Rock|p1a: Yi Sunsin\n|-sidestart|p1: Misty Mead 2|move: Stealth Rock\n|\n|-heal|p2a: The Unforgiven|70/100|[from] item: Leftovers\n|upkeep\n|turn|2\n|\n|t:|1766340372\n|switch|p1a: Surya|Cinderace, M|100/100\n|switch|p2a: Inamorata|Samurott-Hisui, F, shiny|100/100\n|\n|upkeep\n|turn|3\n|\n|t:|1766340414\n|switch|p2a: St. Anger|Sylveon, M, shiny|100/100\n|move|p1a: Surya|U-turn|p2a: St. Anger\n|-start|p1a: Surya|typechange|Bug|[from] ability: Libero\n|-resisted|p2a: St. Anger\n|-damage|p2a: St. Anger|87/100\n|\n|t:|1766340428\n|switch|p1a: Veda|Iron Treads|100/100|[from] U-turn\n|-damage|p1a: Veda|97/100|[from] Stealth Rock\n|\n|-heal|p2a: St. Anger|93/100|[from] item: Leftovers\n|upkeep\n|turn|4\n|j| bristolcitybewears\n|\n|t:|1766340475\n|switch|p2a: King Nothing|Corviknight, M, shiny|100/100\n|-ability|p2a: King Nothing|Pressure\n|move|p1a: Veda|Volt Switch|p2a: King Nothing\n|-supereffective|p2a: King Nothing\n|-damage|p2a: King Nothing|81/100\n|\n|t:|1766340486\n|-end|p1a: Veda|Quark Drive|[silent]\n|switch|p1a: Surya|Cinderace, M|100/100|[from] Volt Switch\n|\n|upkeep\n|turn|5\n|\n|t:|1766340592\n|switch|p2a: St. Anger|Sylveon, M, shiny|93/100\n|move|p1a: Surya|Court Change|p1a: Surya\n|-start|p1a: Surya|typechange|Normal|[from] ability: Libero\n|-swapsideconditions\n|-activate|p1a: Surya|move: Court Change\n|\n|-heal|p2a: St. Anger|99/100|[from] item: Leftovers\n|upkeep\n|turn|6\n|\n|t:|1766340678\n|move|p1a: Surya|Gunk Shot|p2a: St. Anger\n|-supereffective|p2a: St. Anger\n|-crit|p2a: St. Anger\n|-damage|p2a: St. Anger|5/100\n|-status|p2a: St. Anger|psn\n|move|p2a: St. Anger|Hyper Voice|p1a: Surya\n|-damage|p1a: Surya|44/100\n|\n|-heal|p2a: St. Anger|11/100 psn|[from] item: Leftovers\n|-damage|p2a: St. Anger|0 fnt|[from] psn\n|faint|p2a: St. Anger\n|upkeep\n|\n|t:|1766340780\n|switch|p2a: One|Spectrier|100/100\n|-damage|p2a: One|88/100|[from] Stealth Rock\n|turn|7\n|\n|t:|1766340810\n|move|p2a: One|Substitute|p2a: One\n|-start|p2a: One|Substitute\n|-damage|p2a: One|63/100\n|move|p1a: Surya|U-turn|p2a: One\n|-resisted|p2a: One\n|-activate|p2a: One|move: Substitute|[damage]\n|\n|t:|1766340822\n|switch|p1a: Persephone|Dragapult, M|100/100|[from] U-turn\n|\n|-heal|p2a: One|69/100|[from] item: Leftovers\n|upkeep\n|turn|8\n|\n|t:|1766340833\n|switch|p2a: Orion|Porygon2, shiny|100/100\n|-damage|p2a: Orion|88/100|[from] Stealth Rock\n|move|p1a: Persephone|Dragon Darts|p2a: Orion\n|-damage|p2a: Orion|65/100\n|-anim|p1a: Persephone|Dragon Darts|p2a: Orion\n|-damage|p2a: Orion|42/100\n|\n|upkeep\n|turn|9\n|\n|t:|1766340877\n|switch|p2a: King Nothing|Corviknight, M, shiny|81/100\n|-ability|p2a: King Nothing|Pressure\n|move|p1a: Persephone|Dragon Darts|p2a: King Nothing\n|-resisted|p2a: King Nothing\n|-damage|p2a: King Nothing|70/100\n|-anim|p1a: Persephone|Dragon Darts|p2a: King Nothing\n|-resisted|p2a: King Nothing\n|-damage|p2a: King Nothing|57/100\n|\n|upkeep\n|turn|10\n|\n|t:|1766340968\n|switch|p1a: Surya|Cinderace, M|44/100\n|move|p2a: King Nothing|Roost|p2a: King Nothing\n|-heal|p2a: King Nothing|100/100\n|-singleturn|p2a: King Nothing|move: Roost\n|\n|upkeep\n|turn|11\n|\n|t:|1766341013\n|move|p1a: Surya|Pyro Ball|p2a: King Nothing\n|-supereffective|p2a: King Nothing\n|-damage|p2a: King Nothing|25/100\n|move|p2a: King Nothing|Brave Bird|p1a: Surya\n|-damage|p1a: Surya|0 fnt\n|faint|p1a: Surya\n|-damage|p2a: King Nothing|14/100|[from] Recoil\n|\n|upkeep\n|\n|t:|1766341022\n|switch|p1a: Persephone|Dragapult, M|100/100\n|turn|12\n|\n|t:|1766341057\n|move|p1a: Persephone|Dragon Darts|p2a: King Nothing\n|-resisted|p2a: King Nothing\n|-damage|p2a: King Nothing|2/100\n|-anim|p1a: Persephone|Dragon Darts|p2a: King Nothing\n|-resisted|p2a: King Nothing\n|-damage|p2a: King Nothing|0 fnt\n|faint|p2a: King Nothing\n|\n|upkeep\n|\n|t:|1766341066\n|switch|p2a: Inamorata|Samurott-Hisui, F, shiny|100/100\n|-damage|p2a: Inamorata|88/100|[from] Stealth Rock\n|turn|13\n|\n|t:|1766341215\n|move|p1a: Persephone|Dragon Darts|p2a: Inamorata\n|-damage|p2a: Inamorata|41/100\n|-anim|p1a: Persephone|Dragon Darts|p2a: Inamorata\n|-damage|p2a: Inamorata|0 fnt\n|faint|p2a: Inamorata\n|\n|upkeep\n|\n|t:|1766341272\n|switch|p2a: The Unforgiven|Seismitoad, M, shiny|70/100\n|-damage|p2a: The Unforgiven|64/100|[from] Stealth Rock\n|turn|14\n|\n|t:|1766341277\n|move|p1a: Persephone|Dragon Darts|p2a: The Unforgiven\n|-damage|p2a: The Unforgiven|31/100\n|-anim|p1a: Persephone|Dragon Darts|p2a: The Unforgiven\n|-damage|p2a: The Unforgiven|0 fnt\n|faint|p2a: The Unforgiven\n|\n|upkeep\n|\n|t:|1766341283\n|switch|p2a: Orion|Porygon2, shiny|42/100\n|-damage|p2a: Orion|30/100|[from] Stealth Rock\n|turn|15\n|\n|t:|1766341288\n|move|p2a: Orion|Protect|p2a: Orion\n|-singleturn|p2a: Orion|Protect\n|move|p1a: Persephone|Dragon Darts|p2a: Orion\n|-activate|p2a: Orion|move: Protect\n|\n|upkeep\n|turn|16\n|\n|t:|1766341296\n|move|p1a: Persephone|Dragon Darts|p2a: Orion\n|-crit|p2a: Orion\n|-damage|p2a: Orion|0 fnt\n|faint|p2a: Orion\n|\n|upkeep\n|\n|t:|1766341300\n|switch|p2a: One|Spectrier|69/100\n|-damage|p2a: One|57/100|[from] Stealth Rock\n|turn|17\n|\n|t:|1766341304\n|move|p2a: One|Shadow Ball|p1a: Persephone\n|-supereffective|p1a: Persephone\n|-damage|p1a: Persephone|0 fnt\n|faint|p1a: Persephone\n|-ability|p2a: One|Grim Neigh|boost\n|-boost|p2a: One|spa|1\n|\n|-heal|p2a: One|63/100|[from] item: Leftovers\n|upkeep\n|\n|t:|1766341319\n|switch|p1a: Uriel|Tapu Lele|100/100\n|-fieldstart|move: Psychic Terrain|[from] ability: Psychic Surge|[of] p1a: Uriel\n|turn|18\n|c|☆Misty Mead 2|Lmao\n|\n|t:|1766341351\n|move|p1a: Uriel|Psyshock|p2a: One\n|-damage|p2a: One|0 fnt\n|faint|p2a: One\n|\n|win|Misty Mead 2\n|c|☆pechsiedl|I was so confused when spectrier was faster\n|c|☆Misty Mead 2|I can't get the link do you know how?\n|c|☆Misty Mead 2|I'll share with you what happened\n","players":["Misty Mead 2","pechsiedl"],"format":"[Gen 9] NatDex Draft","rating":null,"private":0,"password":null,"inputlog":">version 0d0a8c252a1f8ab806681f673fdafaf34a87df55\n>start {\"formatid\":\"gen9natdexdraft\",\"seed\":\"sodium,45f9ef9e06e6a5d0e6d81c973298e470\"}\n>player p1 {\"name\":\"Misty Mead 2\",\"avatar\":\"265\",\"team\":\"Persephone|Dragapult|ChoiceBand|Infiltrator|Uturn,DragonDarts,PsychicFangs,WillOWisp|Adamant|40,252,4,,,212|M||||,,,,,Dragon]Veda|IronTreads|AssaultVest|QuarkDrive|Earthquake,IceSpinner,RapidSpin,VoltSwitch|Adamant|160,136,,,8,204|N||||,,,,,Ground]Uriel|TapuLele|ChoiceScarf|PsychicSurge|Moonblast,Psyshock,Thunderbolt,EnergyBall|Timid|64,,4,252,,188|N|,0,,,,|||,,,,,Psychic]Surya|Cinderace|HeavyDutyBoots|Libero|PyroBall,Uturn,GunkShot,CourtChange|Jolly|,252,,,4,252|M||||,,,,,Fire]Yi Sunsin|RotomWash|ChoiceSpecs|Levitate|VoltSwitch,HydroPump,ShadowBall,Thunderbolt|Timid|,,,252,4,252|N||||,,,,,Electric]Abaddon|QwilfishHisui|Eviolite|PoisonPoint|Spikes,Crunch,Taunt,PainSplit|Impish|248,,124,,136,|F||||,,,,,Ghost\",\"rating\":0}\n>player p2 {\"name\":\"pechsiedl\",\"avatar\":\"170\",\"team\":\"Orion|Porygon2|Eviolite|Analytic|Recover,Teleport,IceBeam,Protect|Calm|252,,212,,44,|N|,0,,,,|S||,,,,,Normal]One|Spectrier|Leftovers|GrimNeigh|ShadowBall,DrainingKiss,Substitute,NastyPlot|Timid|,,72,252,,184|N|,0,,,,|||,,,,,Ghost]King Nothing|Corviknight|HeavyDutyBoots|Pressure|BraveBird,Roost,Defog,Uturn|Impish|248,,252,,8,|M||S||,,,,,Flying]Inamorata|SamurottHisui|AssaultVest|Sharpness|CeaselessEdge,RazorShell,SuckerPunch,KnockOff|Careful|252,4,,,252,|F||S||,,,,,Water]St. Anger|Sylveon|Leftovers|Pixilate|HyperVoice,HealBell,Wish,Protect|Bold|252,,236,,20,|M|,0,,,,|S||,,,,,Fairy]The Unforgiven|Seismitoad|Leftovers|WaterAbsorb|StealthRock,Earthquake,PowerWhip,KnockOff|Adamant|252,44,212,,,|M||S||,,,,,Water\",\"rating\":0}\n>chat ☆Misty Mead 2|Will you share the link pls?\n>chat ☆pechsiedl|Will do\n>chat ☆Misty Mead 2|ty\n>chat ☆pechsiedl|Glhf then\n>p1 team 5, 2, 3, 4, 1, 6\n>p2 team 6, 2, 3, 4, 5, 1\n>p1 move shadowball\n>p2 move stealthrock\n>p1 switch 4\n>p2 switch 4\n>p1 move uturn\n>p2 switch 5\n>p1 switch 2\n>p1 move voltswitch\n>p2 switch 3\n>p1 switch 2\n>p1 move courtchange\n>p2 switch 3\n>p1 move gunkshot\n>p2 move hypervoice\n>p2 switch 2\n>p1 move uturn\n>p2 move substitute\n>p1 switch 5\n>p1 move dragondarts\n>p2 switch 6\n>p1 move dragondarts\n>p2 switch 3\n>p1 switch 5\n>p2 move roost\n>p1 move pyroball\n>p2 move bravebird\n>p1 switch 5\n>p1 move dragondarts\n>p2 move defog\n>p2 switch 5\n>p1 move dragondarts\n>p2 move knockoff\n>p2 switch 4\n>p1 move dragondarts\n>p2 move knockoff\n>p2 switch 3\n>p1 move dragondarts\n>p2 move protect\n>p1 move dragondarts\n>p2 move recover\n>p2 switch 6\n>p1 move dragondarts\n>p2 move shadowball\n>p1 switch 3\n>chat ☆Misty Mead 2|Lmao\n>p1 move psyshock\n>p2 move shadowball","uploadtime":1766341454}