{"id":"gen9natdexdraft-138","log":"|j|☆Life's Hell\n|j|☆MastersHideout\n|t:|1761516148\n|gametype|singles\n|player|p1|Life's Hell|jasmine|\n|player|p2|MastersHideout|2|\n|gen|9\n|tier|[Gen 9] NatDex Draft\n|rule|Tera Type Preview: Tera Types are shown at Team Preview\n|rule|Sleep Clause Mod: Limit one foe put to sleep\n|rule|OHKO Clause: OHKO moves are banned\n|rule|Evasion Clause: Evasion abilities, items, and moves are banned\n|rule|Evasion Abilities Clause: Evasion abilities are banned\n|rule|Evasion Items Clause: Evasion items are banned\n|rule|Evasion Moves Clause: Evasion moves are banned\n|rule|Endless Battle Clause: Forcing endless battles is banned\n|rule|HP Percentage Mod: HP is shown in percentages\n|raw|<div class=\"infobox\"><details class=\"readmore\" open><summary><strong>1 custom rule:</strong></summary> Tera Type Preview</details></div>\n|clearpoke\n|poke|p1|Slicing Segment, F|\n|poke|p1|Starmie|\n|poke|p1|Roserade-Hell, M|\n|poke|p1|Kabuyeti-Bonfire, M|\n|poke|p1|Milotic-Hell, F|\n|poke|p1|Tinkaton, F|\n|poke|p2|Galvantula, M|\n|poke|p2|Ceruledge, M|\n|poke|p2|Darkrai|\n|poke|p2|Slowbro, F|\n|poke|p2|Excadrill, F|\n|poke|p2|Zapdos-Galar|\n|raw|Life's Hell's Tera Types:<br /><psicon pokemon=\"slicingsegment\" /><psicon type=\"Ground\" /> / <psicon pokemon=\"starmie\" /><psicon type=\"Stellar\" /> / <psicon pokemon=\"roseradehell\" /><psicon type=\"Stellar\" /> / <psicon pokemon=\"kabuyetibonfire\" /><psicon type=\"Stellar\" /> / <psicon pokemon=\"milotichell\" /><psicon type=\"Stellar\" /> / <psicon pokemon=\"tinkaton\" /><psicon type=\"Stellar\" />\n|raw|MastersHideout's Tera Types:<br /><psicon pokemon=\"galvantula\" /><psicon type=\"Bug\" /> / <psicon pokemon=\"ceruledge\" /><psicon type=\"Normal\" /> / <psicon pokemon=\"darkrai\" /><psicon type=\"Bug\" /> / <psicon pokemon=\"slowbro\" /><psicon type=\"Bug\" /> / <psicon pokemon=\"excadrill\" /><psicon type=\"Bug\" /> / <psicon pokemon=\"zapdosgalar\" /><psicon type=\"Dark\" />\n|teampreview\n|c|☆Life's Hell|glhf\n|c|☆MastersHideout|gl hf\n|\n|t:|1761516193\n|teamsize|p1|6\n|teamsize|p2|6\n|start\n|switch|p1a: Starmie|Starmie|100/100\n|switch|p2a: Slowbro|Slowbro, F|100/100\n|turn|1\n|\n|t:|1761516211\n|detailschange|p1a: Starmie|Starmie-Mega\n|-mega|p1a: Starmie|Starmie|Starmite\n|move|p1a: Starmie|Flip Turn|p2a: Slowbro\n|-resisted|p2a: Slowbro\n|-damage|p2a: Slowbro|95/100\n|\n|t:|1761516215\n|switch|p1a: Milotic-Hell|Milotic-Hell, F|100/100|[from] Flip Turn\n|move|p2a: Slowbro|Teleport|p2a: Slowbro\n|j| The_Shawdoin\n|\n|t:|1761516268\n|switch|p2a: Excadrill|Excadrill, F|100/100|[from] Teleport\n|-ability|p2a: Excadrill|Mold Breaker\n|\n|upkeep\n|turn|2\n|\n|t:|1761516279\n|move|p2a: Excadrill|Rapid Spin|p1a: Milotic-Hell\n|-damage|p1a: Milotic-Hell|81/100\n|-boost|p2a: Excadrill|spe|1\n|move|p1a: Milotic-Hell|Scald|p2a: Excadrill\n|-supereffective|p2a: Excadrill\n|-enditem|p2a: Excadrill|Passho Berry|[eat]\n|-enditem|p2a: Excadrill|Passho Berry|[weaken]\n|-damage|p2a: Excadrill|78/100\n|\n|-heal|p1a: Milotic-Hell|87/100|[from] item: Leftovers\n|upkeep\n|turn|3\n|\n|t:|1761516314\n|move|p2a: Excadrill|Swords Dance|p2a: Excadrill\n|-boost|p2a: Excadrill|atk|2\n|move|p1a: Milotic-Hell|Scald|p2a: Excadrill\n|-supereffective|p2a: Excadrill\n|-damage|p2a: Excadrill|28/100\n|\n|-heal|p1a: Milotic-Hell|93/100|[from] item: Leftovers\n|upkeep\n|turn|4\n|\n|t:|1761516325\n|switch|p1a: Tinkaton|Tinkaton, F|100/100\n|-item|p1a: Tinkaton|Air Balloon\n|move|p2a: Excadrill|Drill Run|p1a: Tinkaton\n|-immune|p1a: Tinkaton\n|\n|upkeep\n|turn|5\n|\n|t:|1761516335\n|move|p2a: Excadrill|Rapid Spin|p1a: Tinkaton\n|-resisted|p1a: Tinkaton\n|-damage|p1a: Tinkaton|81/100\n|-boost|p2a: Excadrill|spe|1\n|-enditem|p1a: Tinkaton|Air Balloon\n|move|p1a: Tinkaton|Knock Off|p2a: Excadrill\n|-damage|p2a: Excadrill|12/100\n|\n|upkeep\n|turn|6\n|\n|t:|1761516359\n|move|p2a: Excadrill|Drill Run|p1a: Tinkaton\n|-supereffective|p1a: Tinkaton\n|-damage|p1a: Tinkaton|0 fnt\n|faint|p1a: Tinkaton\n|\n|upkeep\n|\n|t:|1761516383\n|switch|p1a: Slicing Segment|Slicing Segment, F|100/100\n|turn|7\n|\n|t:|1761516391\n|move|p1a: Slicing Segment|First Impression|p2a: Excadrill\n|-resisted|p2a: Excadrill\n|-damage|p2a: Excadrill|0 fnt\n|faint|p2a: Excadrill\n|\n|upkeep\n|\n|t:|1761516400\n|switch|p2a: Slowbro|Slowbro, F|100/100\n|turn|8\n|\n|t:|1761516412\n|move|p2a: Slowbro|Magic Coat|p2a: Slowbro\n|-singleturn|p2a: Slowbro|move: Magic Coat\n|move|p1a: Slicing Segment|Knock Off|p2a: Slowbro\n|-supereffective|p2a: Slowbro\n|-damage|p2a: Slowbro|59/100\n|-enditem|p2a: Slowbro|Ring Target|[from] move: Knock Off|[of] p1a: Slicing Segment\n|\n|upkeep\n|turn|9\n|\n|t:|1761516431\n|move|p1a: Slicing Segment|U-turn|p2a: Slowbro\n|-supereffective|p2a: Slowbro\n|-damage|p2a: Slowbro|16/100\n|\n|t:|1761516434\n|-end|p1a: Slicing Segment|Protosynthesis|[silent]\n|switch|p1a: Starmie|Starmie-Mega|100/100|[from] U-turn\n|move|p2a: Slowbro|Psychic Noise|p1a: Starmie\n|-resisted|p1a: Starmie\n|-damage|p1a: Starmie|87/100\n|-start|p1a: Starmie|move: Heal Block\n|\n|upkeep\n|turn|10\n|\n|t:|1761516445\n|switch|p2a: Darkrai|Darkrai|100/100\n|move|p1a: Starmie|Surf|p2a: Darkrai\n|-crit|p2a: Darkrai\n|-damage|p2a: Darkrai|6/100\n|-enditem|p2a: Darkrai|Salac Berry|[eat]\n|-boost|p2a: Darkrai|spe|1|[from] item: Salac Berry\n|\n|-end|p1a: Starmie|move: Heal Block\n|upkeep\n|turn|11\n|\n|t:|1761516491\n|switch|p1a: Kabuyeti-Bonfire|Kabuyeti-Bonfire, M|100/100\n|move|p2a: Darkrai|Dark Pulse|p1a: Kabuyeti-Bonfire\n|-damage|p1a: Kabuyeti-Bonfire|41/100\n|\n|upkeep\n|turn|12\n|\n|t:|1761516502\n|move|p2a: Darkrai|Sucker Punch|p1a: Kabuyeti-Bonfire\n|-damage|p1a: Kabuyeti-Bonfire|6/100\n|move|p1a: Kabuyeti-Bonfire|U-turn|p2a: Darkrai\n|-supereffective|p2a: Darkrai\n|-damage|p2a: Darkrai|0 fnt\n|faint|p2a: Darkrai\n|\n|t:|1761516507\n|switch|p1a: Starmie|Starmie-Mega|100/100|[from] U-turn\n|\n|upkeep\n|\n|t:|1761516510\n|switch|p2a: Galvantula|Galvantula, M|100/100\n|turn|13\n|\n|t:|1761516526\n|detailschange|p2a: Galvantula|Galvantula-Mega, M\n|-mega|p2a: Galvantula|Galvantula|Galvantulite\n|-ability|p2a: Galvantula|Beads of Ruin\n|move|p1a: Starmie|Flip Turn|p2a: Galvantula\n|-damage|p2a: Galvantula|87/100\n|\n|t:|1761516532\n|switch|p1a: Milotic-Hell|Milotic-Hell, F|93/100|[from] Flip Turn\n|move|p2a: Galvantula|Volt Switch|p1a: Milotic-Hell\n|-resisted|p1a: Milotic-Hell\n|-damage|p1a: Milotic-Hell|80/100\n|\n|t:|1761516567\n|switch|p2a: Slowbro|Slowbro, F|49/100|[from] Volt Switch\n|\n|-heal|p1a: Milotic-Hell|86/100|[from] item: Leftovers\n|upkeep\n|turn|14\n|\n|t:|1761516576\n|move|p1a: Milotic-Hell|Draco Meteor|p2a: Slowbro\n|-damage|p2a: Slowbro|4/100\n|-unboost|p1a: Milotic-Hell|spa|2\n|move|p2a: Slowbro|Teleport|p2a: Slowbro\n|\n|t:|1761516581\n|switch|p2a: Ceruledge|Ceruledge, M|100/100|[from] Teleport\n|\n|-heal|p1a: Milotic-Hell|92/100|[from] item: Leftovers\n|upkeep\n|turn|15\n|\n|t:|1761516586\n|move|p2a: Ceruledge|Swords Dance|p2a: Ceruledge\n|-boost|p2a: Ceruledge|atk|2\n|move|p1a: Milotic-Hell|Scald|p2a: Ceruledge\n|-supereffective|p2a: Ceruledge\n|-damage|p2a: Ceruledge|78/100\n|\n|-heal|p1a: Milotic-Hell|98/100|[from] item: Leftovers\n|upkeep\n|turn|16\n|\n|t:|1761516599\n|move|p2a: Ceruledge|Swords Dance|p2a: Ceruledge\n|-boost|p2a: Ceruledge|atk|2\n|move|p1a: Milotic-Hell|Scald|p2a: Ceruledge\n|-supereffective|p2a: Ceruledge\n|-damage|p2a: Ceruledge|57/100\n|\n|-heal|p1a: Milotic-Hell|100/100|[from] item: Leftovers\n|upkeep\n|turn|17\n|\n|t:|1761516604\n|switch|p1a: Kabuyeti-Bonfire|Kabuyeti-Bonfire, M|6/100\n|move|p2a: Ceruledge|Bitter Blade|p1a: Kabuyeti-Bonfire\n|-damage|p1a: Kabuyeti-Bonfire|0 fnt\n|-heal|p2a: Ceruledge|60/100|[from] drain|[of] p1a: Kabuyeti-Bonfire\n|faint|p1a: Kabuyeti-Bonfire\n|\n|upkeep\n|\n|t:|1761516619\n|switch|p1a: Roserade-Hell|Roserade-Hell, M|100/100\n|turn|18\n|\n|t:|1761516636\n|-terastallize|p2a: Ceruledge|Normal\n|move|p1a: Roserade-Hell|Dark Pulse|p2a: Ceruledge\n|-damage|p2a: Ceruledge|12/100\n|move|p2a: Ceruledge|Bitter Blade|p1a: Roserade-Hell\n|-damage|p1a: Roserade-Hell|0 fnt\n|-heal|p2a: Ceruledge|56/100|[from] drain|[of] p1a: Roserade-Hell\n|faint|p1a: Roserade-Hell\n|\n|upkeep\n|\n|t:|1761516653\n|switch|p1a: Slicing Segment|Slicing Segment, F|100/100\n|turn|19\n|\n|t:|1761516662\n|move|p1a: Slicing Segment|First Impression|p2a: Ceruledge\n|-damage|p2a: Ceruledge|0 fnt\n|faint|p2a: Ceruledge\n|\n|upkeep\n|\n|t:|1761516671\n|switch|p2a: Galvantula|Galvantula-Mega, M|87/100\n|-ability|p2a: Galvantula|Beads of Ruin\n|turn|20\n|\n|t:|1761516683\n|-terastallize|p1a: Slicing Segment|Ground\n|move|p1a: Slicing Segment|Fire Fang|p2a: Galvantula\n|-supereffective|p2a: Galvantula\n|-damage|p2a: Galvantula|49/100\n|move|p2a: Galvantula|Bug Buzz|p1a: Slicing Segment\n|-damage|p1a: Slicing Segment|21/100\n|\n|upkeep\n|turn|21\n|\n|t:|1761516694\n|switch|p2a: Slowbro|Slowbro, F|37/100\n|move|p1a: Slicing Segment|U-turn|p2a: Slowbro\n|-supereffective|p2a: Slowbro\n|-damage|p2a: Slowbro|0 fnt\n|faint|p2a: Slowbro\n|\n|t:|1761516701\n|-end|p1a: Slicing Segment|Protosynthesis|[silent]\n|switch|p1a: Starmie|Starmie-Mega|100/100|[from] U-turn\n|\n|upkeep\n|\n|t:|1761516710\n|switch|p2a: Zapdos|Zapdos-Galar|100/100\n|turn|22\n|\n|t:|1761516724\n|move|p2a: Zapdos|U-turn|p1a: Starmie\n|-supereffective|p1a: Starmie\n|-damage|p1a: Starmie|48/100\n|\n|t:|1761516727\n|switch|p2a: Galvantula|Galvantula-Mega, M|49/100|[from] U-turn\n|-ability|p2a: Galvantula|Beads of Ruin\n|move|p1a: Starmie|Surf|p2a: Galvantula\n|-damage|p2a: Galvantula|14/100\n|\n|upkeep\n|turn|23\n|\n|t:|1761516738\n|move|p1a: Starmie|Flip Turn|p2a: Galvantula\n|-damage|p2a: Galvantula|1/100\n|\n|t:|1761516743\n|switch|p1a: Milotic-Hell|Milotic-Hell, F|100/100|[from] Flip Turn\n|move|p2a: Galvantula|Giga Drain|p1a: Milotic-Hell\n|-resisted|p1a: Milotic-Hell\n|-damage|p1a: Milotic-Hell|90/100\n|-heal|p2a: Galvantula|7/100|[from] drain|[of] p1a: Milotic-Hell\n|\n|-heal|p1a: Milotic-Hell|96/100|[from] item: Leftovers\n|upkeep\n|turn|24\n|\n|t:|1761516752\n|move|p1a: Milotic-Hell|Scald|p2a: Galvantula\n|-crit|p2a: Galvantula\n|-damage|p2a: Galvantula|0 fnt\n|faint|p2a: Galvantula\n|detailschange|p2: Galvantula|Galvantula, M|[silent]\n|\n|-heal|p1a: Milotic-Hell|100/100|[from] item: Leftovers\n|upkeep\n|\n|t:|1761516755\n|switch|p2a: Zapdos|Zapdos-Galar|100/100\n|turn|25\n|\n|t:|1761516762\n|move|p2a: Zapdos|Brave Bird|p1a: Milotic-Hell\n|-damage|p1a: Milotic-Hell|35/100\n|-damage|p2a: Zapdos|76/100|[from] Recoil\n|move|p1a: Milotic-Hell|Draco Meteor|p2a: Zapdos\n|-damage|p2a: Zapdos|28/100\n|-unboost|p1a: Milotic-Hell|spa|2\n|\n|-heal|p1a: Milotic-Hell|41/100|[from] item: Leftovers\n|upkeep\n|turn|26\n|\n|t:|1761516771\n|move|p2a: Zapdos|Brave Bird|p1a: Milotic-Hell\n|-damage|p1a: Milotic-Hell|0 fnt\n|faint|p1a: Milotic-Hell\n|-damage|p2a: Zapdos|13/100|[from] Recoil\n|\n|upkeep\n|\n|t:|1761516774\n|switch|p1a: Slicing Segment|Slicing Segment, F, tera:Ground|21/100\n|turn|27\n|\n|t:|1761516778\n|move|p1a: Slicing Segment|First Impression|p2a: Zapdos\n|-resisted|p2a: Zapdos\n|-damage|p2a: Zapdos|0 fnt\n|faint|p2a: Zapdos\n|\n|win|Life's Hell\n|c|☆MastersHideout|gg\n|c|☆Life's Hell|gg\n","players":["Life's Hell","MastersHideout"],"format":"[Gen 9] NatDex Draft","rating":null,"private":1,"password":"5co8eyjdxkaxpbuh5jnm869oc7we0n7","inputlog":">version 60683852b8ca2080874dc85944f29bbadd3301e2\n>start {\"formatid\":\"gen9natdexdraft@@@Tera Type Preview\",\"seed\":\"sodium,00a0a2d7f0bfb72b7de86cd5b791d1b3\"}\n>player p1 {\"name\":\"Life's Hell\",\"avatar\":\"jasmine\",\"team\":\"Slicing Segment||HeavyDutyBoots|Protosynthesis|FirstImpression,KnockOff,FireFang,Uturn|Jolly|72,252,,,,184|F||||,,,,,Ground]Starmie||Starmite|Illuminate|Recover,Surf,RapidSpin,FlipTurn|Timid|248,,,84,,176|N||||,,,,,Stellar]Roserade-Hell||FairyFeather|NaturalCure|PartingShot,Moonblast,DarkPulse,HiddenPowerFire|Timid|16,,,252,,240|M|,0,,,,|||,Fire,,,,Stellar]Kabuyeti-Bonfire||ChoiceScarf|FlameBody|FlareBlitz,IcicleCrash,NightSlash,Uturn|Adamant|,252,28,,,228|M||||,,,,,Stellar]Milotic-Hell||Leftovers|Competitive|Recover,DracoMeteor,Scald,FlipTurn|Calm|248,,,8,252,|F||||,,,,,Stellar]Tinkaton||AirBalloon|Pickpocket|StealthRock,Encore,KnockOff,PlayRough|Jolly|248,,52,,,208|F||||,,,,,Stellar\",\"rating\":0}\n>player p2 {\"name\":\"MastersHideout\",\"avatar\":\"2\",\"team\":\"Galvantula||Galvantulite|CompoundEyes|VoltSwitch,GigaDrain,StickyWeb,BugBuzz|Modest|248,,,252,8,|M|,0,,,,|||,,,,,Bug]Ceruledge||LumBerry|WeakArmor|ShadowSneak,BitterBlade,Poltergeist,SwordsDance|Jolly|36,252,,,,220|M||||,,,,,Normal]Darkrai||SalacBerry|BadDreams|SuckerPunch,NastyPlot,DarkPulse,Substitute|Naive|12,,,248,,248|N||||,,,,,Bug]Slowbro||RingTarget|Regenerator|Trick,MagicCoat,PsychicNoise,Teleport|Bold|172,,252,,,84|F|,0,,,,|||,,,,,Bug]Excadrill||PasshoBerry|MoldBreaker|RapidSpin,SwordsDance,DrillRun,ThroatChop|Jolly|,252,,,56,200|F||||,,,,,Bug]Zapdos|ZapdosGalar|ChoiceScarf|Defiant|Uturn,CloseCombat,BraveBird,ThroatChop|Adamant|104,252,,,,152|N||||,,,,,Dark\",\"rating\":0}\n>chat ☆Life's Hell|glhf\n>chat ☆MastersHideout|gl hf\n>p1 team 2, 1, 3, 4, 5, 6\n>p2 team 4, 2, 3, 1, 5, 6\n>p1 move flipturn mega\n>p2 move teleport\n>p1 switch 5\n>p2 switch 5\n>p1 move scald\n>p2 move rapidspin\n>p1 move scald\n>p2 move swordsdance\n>p1 switch 6\n>p2 move drillrun\n>p1 move knockoff\n>p2 move rapidspin\n>p1 move knockoff\n>p2 move drillrun\n>p1 switch 2\n>p1 move firstimpression\n>p2 move drillrun\n>p2 switch 5\n>p1 move knockoff\n>p2 move magiccoat\n>p1 move uturn\n>p2 move psychicnoise\n>p1 switch 5\n>p1 move surf\n>p2 switch 3\n>p1 switch 4\n>p2 move darkpulse\n>p1 move uturn\n>p2 move suckerpunch\n>p1 switch 4\n>p2 switch 4\n>p1 move flipturn\n>p2 move voltswitch mega\n>p1 switch 6\n>p2 switch 3\n>p1 move dracometeor\n>p2 move teleport\n>p2 switch 2\n>p1 move scald\n>p2 move swordsdance\n>p1 move scald\n>p2 move swordsdance\n>p1 switch 4\n>p2 move bitterblade\n>p1 switch 3\n>p1 move darkpulse\n>p2 move bitterblade terastallize\n>p1 switch 5\n>p1 move firstimpression\n>p2 move bitterblade\n>p2 switch 3\n>p1 move firefang terastallize\n>p2 move bugbuzz\n>p1 move uturn\n>p2 switch 2\n>p1 switch 6\n>p2 switch 6\n>p1 move surf\n>p2 move uturn\n>p2 switch 2\n>p1 move flipturn\n>p2 move gigadrain\n>p1 switch 4\n>p1 move scald\n>p2 move bugbuzz\n>p2 switch 2\n>p1 move dracometeor\n>p2 move bravebird\n>p1 move dracometeor\n>p2 move bravebird\n>p1 switch 6\n>p1 move firstimpression\n>p2 move bravebird","uploadtime":1761516819}