{"id":"gen9natdexdraft-120","log":"|j|☆ElysianSoul222\n|j|☆testingooooo\n|t:|1761396728\n|gametype|singles\n|player|p1|ElysianSoul222|skierf|\n|player|p2|testingooooo|266|\n|gen|9\n|tier|[Gen 9] NatDex Draft\n|rule|Tera Type Preview: Tera Types are shown at Team Preview\n|rule|Sleep Clause Mod: Limit one foe put to sleep\n|rule|OHKO Clause: OHKO moves are banned\n|rule|Evasion Clause: Evasion abilities, items, and moves are banned\n|rule|Evasion Abilities Clause: Evasion abilities are banned\n|rule|Evasion Items Clause: Evasion items are banned\n|rule|Evasion Moves Clause: Evasion moves are banned\n|rule|Endless Battle Clause: Forcing endless battles is banned\n|rule|HP Percentage Mod: HP is shown in percentages\n|raw|<div class=\"infobox\"><details class=\"readmore\" open><summary><strong>1 custom rule:</strong></summary> Tera Type Preview</details></div>\n|clearpoke\n|poke|p1|Flutter Lame, F|\n|poke|p1|Celebi-Hell, F|\n|poke|p1|Blaziken, M|\n|poke|p1|Zapdos|\n|poke|p1|Pecharunt|\n|poke|p1|Krookodile, M|\n|poke|p2|Gardevoir-Hell, M|\n|poke|p2|Beheeyem, M|\n|poke|p2|Ho-Ho, F|\n|poke|p2|Savage Scythe, F|\n|poke|p2|Kyurem|\n|poke|p2|Dudunsparce-*, F|\n|raw|ElysianSoul222's Tera Types:<br /><psicon pokemon=\"flutterlame\" /><psicon type=\"Water\" /> / <psicon pokemon=\"celebihell\" /><psicon type=\"Steel\" /> / <psicon pokemon=\"blaziken\" /><psicon type=\"Electric\" /> / <psicon pokemon=\"zapdos\" /><psicon type=\"Electric\" /> / <psicon pokemon=\"pecharunt\" /><psicon type=\"Poison\" /> / <psicon pokemon=\"krookodile\" /><psicon type=\"Ground\" />\n|raw|testingooooo's Tera Types:<br /><psicon pokemon=\"gardevoirhell\" /><psicon type=\"Fairy\" /> / <psicon pokemon=\"beheeyem\" /><psicon type=\"Psychic\" /> / <psicon pokemon=\"hoho\" /><psicon type=\"Ground\" /> / <psicon pokemon=\"savagescythe\" /><psicon type=\"Steel\" /> / <psicon pokemon=\"kyurem\" /><psicon type=\"Dragon\" /> / <psicon pokemon=\"dudunsparce\" /><psicon type=\"Normal\" />\n|teampreview\n|c|☆ElysianSoul222|hf\n|c|☆testingooooo|hff\n|\n|t:|1761396749\n|teamsize|p1|6\n|teamsize|p2|6\n|start\n|switch|p1a: Zapdos|Zapdos, shiny|100/100\n|switch|p2a: Savage Scythe|Savage Scythe, F|100/100\n|-ability|p1a: Zapdos|Pressure\n|turn|1\n|\n|t:|1761396757\n|move|p2a: Savage Scythe|Flip Turn|p1a: Zapdos\n|-crit|p1a: Zapdos\n|-damage|p1a: Zapdos|36/100\n|-damage|p2a: Savage Scythe|84/100|[from] item: Rocky Helmet|[of] p1a: Zapdos\n|\n|t:|1761396761\n|-end|p2a: Savage Scythe|Protosynthesis|[silent]\n|switch|p2a: Gardevoir-Hell|Gardevoir-Hell, M|100/100|[from] Flip Turn\n|move|p1a: Zapdos|Discharge|p2a: Gardevoir-Hell\n|-immune|p2a: Gardevoir-Hell\n|\n|upkeep\n|turn|2\n|\n|t:|1761396780\n|switch|p1a: Celebi-Hell|Celebi-Hell, F, shiny|100/100\n|switch|p2a: Ho-Ho|Ho-Ho, F|100/100\n|\n|upkeep\n|turn|3\n|\n|t:|1761396810\n|switch|p1a: Pecharunt|Pecharunt|100/100\n|-terastallize|p2a: Ho-Ho|Ground\n|move|p2a: Ho-Ho|Sacred Fire|p1a: Pecharunt\n|-damage|p1a: Pecharunt|81/100\n|\n|-heal|p1a: Pecharunt|87/100|[from] item: Black Sludge\n|upkeep\n|turn|4\n|\n|t:|1761396822\n|move|p1a: Pecharunt|Nasty Plot|p1a: Pecharunt\n|-boost|p1a: Pecharunt|spa|2\n|move|p2a: Ho-Ho|Thunder Wave|p1a: Pecharunt\n|-status|p1a: Pecharunt|par\n|\n|-heal|p1a: Pecharunt|93/100 par|[from] item: Black Sludge\n|upkeep\n|turn|5\n|\n|t:|1761396837\n|switch|p2a: Dudunsparce|Dudunsparce, F|100/100\n|move|p1a: Pecharunt|Shadow Ball|p2a: Dudunsparce\n|-immune|p2a: Dudunsparce\n|\n|-heal|p1a: Pecharunt|99/100 par|[from] item: Black Sludge\n|upkeep\n|turn|6\n|\n|t:|1761396840\n|move|p2a: Dudunsparce|Coil|p2a: Dudunsparce\n|-boost|p2a: Dudunsparce|atk|1\n|-boost|p2a: Dudunsparce|def|1\n|-boost|p2a: Dudunsparce|accuracy|1\n|move|p1a: Pecharunt|Malignant Chain|p2a: Dudunsparce\n|-damage|p2a: Dudunsparce|47/100\n|\n|-heal|p1a: Pecharunt|100/100 par|[from] item: Black Sludge\n|upkeep\n|turn|7\n|\n|t:|1761396848\n|move|p2a: Dudunsparce|Earthquake|p1a: Pecharunt\n|-supereffective|p1a: Pecharunt\n|-damage|p1a: Pecharunt|55/100 par\n|cant|p1a: Pecharunt|par\n|\n|-heal|p1a: Pecharunt|61/100 par|[from] item: Black Sludge\n|upkeep\n|turn|8\n|\n|t:|1761396853\n|move|p2a: Dudunsparce|Earthquake|p1a: Pecharunt\n|-supereffective|p1a: Pecharunt\n|-damage|p1a: Pecharunt|11/100 par\n|move|p1a: Pecharunt|Malignant Chain|p2a: Dudunsparce\n|-damage|p2a: Dudunsparce|0 fnt\n|faint|p2a: Dudunsparce\n|\n|-heal|p1a: Pecharunt|17/100 par|[from] item: Black Sludge\n|upkeep\n|\n|t:|1761396880\n|switch|p2a: Kyurem|Kyurem|100/100\n|-ability|p2a: Kyurem|Pressure\n|turn|9\n|\n|t:|1761396891\n|move|p2a: Kyurem|Earth Power|p1a: Pecharunt\n|-supereffective|p1a: Pecharunt\n|-damage|p1a: Pecharunt|0 fnt\n|faint|p1a: Pecharunt\n|\n|upkeep\n|\n|t:|1761396894\n|switch|p1a: Blaziken|Blaziken, M, shiny|100/100\n|turn|10\n|\n|t:|1761396900\n|move|p1a: Blaziken|Swords Dance|p1a: Blaziken\n|-boost|p1a: Blaziken|atk|2\n|move|p2a: Kyurem|Earth Power|p1a: Blaziken\n|-supereffective|p1a: Blaziken\n|-damage|p1a: Blaziken|10/100\n|\n|-ability|p1a: Blaziken|Speed Boost|boost\n|-boost|p1a: Blaziken|spe|1\n|upkeep\n|turn|11\n|\n|t:|1761396920\n|move|p1a: Blaziken|Close Combat|p2a: Kyurem\n|-supereffective|p2a: Kyurem\n|-enditem|p2a: Kyurem|Chople Berry|[eat]\n|-enditem|p2a: Kyurem|Chople Berry|[weaken]\n|-damage|p2a: Kyurem|5/100\n|-unboost|p1a: Blaziken|def|1\n|-unboost|p1a: Blaziken|spd|1\n|move|p2a: Kyurem|Earth Power|p1a: Blaziken\n|-supereffective|p1a: Blaziken\n|-damage|p1a: Blaziken|0 fnt\n|faint|p1a: Blaziken\n|\n|upkeep\n|c|☆testingooooo|boiii\n|\n|t:|1761396932\n|switch|p1a: Krookodile|Krookodile, M, shiny|100/100\n|-ability|p1a: Krookodile|Intimidate|boost\n|-unboost|p2a: Kyurem|atk|1\n|turn|12\n|\n|t:|1761396937\n|move|p1a: Krookodile|Knock Off|p2a: Kyurem\n|-damage|p2a: Kyurem|0 fnt\n|faint|p2a: Kyurem\n|\n|upkeep\n|\n|t:|1761396954\n|switch|p2a: Savage Scythe|Savage Scythe, F|84/100\n|turn|13\n|\n|t:|1761396963\n|move|p2a: Savage Scythe|Wave Crash|p1a: Krookodile\n|-supereffective|p1a: Krookodile\n|-damage|p1a: Krookodile|0 fnt\n|faint|p1a: Krookodile\n|-damage|p2a: Savage Scythe|42/100|[from] Recoil\n|\n|upkeep\n|\n|t:|1761396967\n|switch|p1a: Flutter Lame|Flutter Lame, F, shiny|100/100\n|turn|14\n|\n|t:|1761396984\n|-terastallize|p1a: Flutter Lame|Water\n|move|p1a: Flutter Lame|Calm Mind|p1a: Flutter Lame\n|-boost|p1a: Flutter Lame|spa|1\n|-boost|p1a: Flutter Lame|spd|1\n|move|p2a: Savage Scythe|Wave Crash|p1a: Flutter Lame\n|-resisted|p1a: Flutter Lame\n|-damage|p1a: Flutter Lame|27/100\n|-damage|p2a: Savage Scythe|19/100|[from] Recoil\n|\n|-heal|p1a: Flutter Lame|33/100|[from] item: Leftovers\n|upkeep\n|turn|15\n|\n|t:|1761396995\n|move|p1a: Flutter Lame|Shadow Ball|p2a: Savage Scythe\n|-damage|p2a: Savage Scythe|0 fnt\n|faint|p2a: Savage Scythe\n|-end|p2a: Savage Scythe|Protosynthesis|[silent]\n|\n|-heal|p1a: Flutter Lame|39/100|[from] item: Leftovers\n|upkeep\n|\n|t:|1761396997\n|switch|p2a: Beheeyem|Beheeyem, M|100/100\n|turn|16\n|\n|t:|1761397011\n|detailschange|p2a: Beheeyem|Beheeyem-Mega, M\n|-mega|p2a: Beheeyem|Beheeyem|Beheeyemite\n|move|p1a: Flutter Lame|Shadow Ball|p2a: Beheeyem\n|-supereffective|p2a: Beheeyem\n|-damage|p2a: Beheeyem|7/100\n|-unboost|p2a: Beheeyem|spd|1\n|move|p2a: Beheeyem|Trick Room|p2a: Beheeyem\n|-fieldstart|move: Trick Room|[of] p2a: Beheeyem\n|\n|-heal|p1a: Flutter Lame|45/100|[from] item: Leftovers\n|upkeep\n|turn|17\n|\n|t:|1761397027\n|-ability|p2a: Beheeyem|DNA Tracing\n|move|p2a: Beheeyem|Reflect Type|p1a: Flutter Lame|[from] ability: DNA Tracing\n|-start|p2a: Beheeyem|typechange|[from] move: Reflect Type|[of] p1a: Flutter Lame\n|move|p2a: Beheeyem|Synchronoise|p1a: Flutter Lame\n|-damage|p1a: Flutter Lame|8/100\n|move|p1a: Flutter Lame|Shadow Ball|p2a: Beheeyem\n|-damage|p2a: Beheeyem|0 fnt\n|faint|p2a: Beheeyem\n|detailschange|p2: Beheeyem|Beheeyem, M|[silent]\n|\n|-heal|p1a: Flutter Lame|14/100|[from] item: Leftovers\n|upkeep\n|\n|t:|1761397034\n|switch|p2a: Ho-Ho|Ho-Ho, F, tera:Ground|100/100\n|turn|18\n|\n|t:|1761397040\n|move|p2a: Ho-Ho|Earthquake|p1a: Flutter Lame\n|-damage|p1a: Flutter Lame|0 fnt\n|faint|p1a: Flutter Lame\n|-end|p1a: Flutter Lame|Protosynthesis|[silent]\n|\n|upkeep\n|\n|t:|1761397042\n|switch|p1a: Zapdos|Zapdos, shiny|36/100\n|-ability|p1a: Zapdos|Pressure\n|turn|19\n|\n|t:|1761397046\n|move|p2a: Ho-Ho|Sacred Fire|p1a: Zapdos\n|-damage|p1a: Zapdos|3/100\n|-status|p1a: Zapdos|brn\n|move|p1a: Zapdos|Roost|p1a: Zapdos\n|-heal|p1a: Zapdos|53/100 brn\n|-singleturn|p1a: Zapdos|move: Roost\n|\n|-damage|p1a: Zapdos|47/100 brn|[from] brn\n|upkeep\n|turn|20\n|\n|t:|1761397054\n|switch|p2a: Gardevoir-Hell|Gardevoir-Hell, M|100/100\n|move|p1a: Zapdos|Roost|p1a: Zapdos\n|-heal|p1a: Zapdos|97/100 brn\n|-singleturn|p1a: Zapdos|move: Roost\n|\n|-damage|p1a: Zapdos|91/100 brn|[from] brn\n|-fieldend|move: Trick Room\n|upkeep\n|turn|21\n|\n|t:|1761397091\n|switch|p1a: Celebi-Hell|Celebi-Hell, F, shiny|100/100\n|move|p2a: Gardevoir-Hell|Light of Ruin|p1a: Celebi-Hell\n|-resisted|p1a: Celebi-Hell\n|-damage|p1a: Celebi-Hell|71/100\n|\n|upkeep\n|turn|22\n|\n|t:|1761397107\n|switch|p2a: Ho-Ho|Ho-Ho, F, tera:Ground|100/100\n|move|p1a: Celebi-Hell|Rapid Spin|p2a: Ho-Ho\n|-crit|p2a: Ho-Ho\n|-damage|p2a: Ho-Ho|86/100\n|-boost|p1a: Celebi-Hell|spe|1\n|\n|upkeep\n|turn|23\n|\n|t:|1761397116\n|move|p1a: Celebi-Hell|U-turn|p2a: Ho-Ho\n|-damage|p2a: Ho-Ho|71/100\n|\n|t:|1761397119\n|switch|p1a: Zapdos|Zapdos, shiny|91/100 brn|[from] U-turn\n|-ability|p1a: Zapdos|Pressure\n|move|p2a: Ho-Ho|Sacred Fire|p1a: Zapdos\n|-damage|p1a: Zapdos|60/100 brn\n|\n|-damage|p1a: Zapdos|54/100 brn|[from] brn\n|upkeep\n|turn|24\n|\n|t:|1761397130\n|move|p1a: Zapdos|U-turn|p2a: Ho-Ho\n|-damage|p2a: Ho-Ho|65/100\n|\n|t:|1761397133\n|switch|p1a: Celebi-Hell|Celebi-Hell, F, shiny|71/100|[from] U-turn\n|move|p2a: Ho-Ho|Earthquake|p1a: Celebi-Hell\n|-supereffective|p1a: Celebi-Hell\n|-enditem|p1a: Celebi-Hell|Shuca Berry|[eat]\n|-enditem|p1a: Celebi-Hell|Shuca Berry|[weaken]\n|-damage|p1a: Celebi-Hell|40/100\n|\n|upkeep\n|turn|25\n|\n|t:|1761397143\n|move|p1a: Celebi-Hell|Recover|p1a: Celebi-Hell\n|-heal|p1a: Celebi-Hell|90/100\n|move|p2a: Ho-Ho|Earthquake|p1a: Celebi-Hell\n|-supereffective|p1a: Celebi-Hell\n|-damage|p1a: Celebi-Hell|19/100\n|\n|upkeep\n|turn|26\n|\n|t:|1761397151\n|switch|p1a: Zapdos|Zapdos, shiny|54/100 brn\n|-ability|p1a: Zapdos|Pressure\n|move|p2a: Ho-Ho|Earthquake|p1a: Zapdos\n|-immune|p1a: Zapdos\n|\n|-damage|p1a: Zapdos|48/100 brn|[from] brn\n|upkeep\n|turn|27\n|\n|t:|1761397162\n|switch|p2a: Gardevoir-Hell|Gardevoir-Hell, M|100/100\n|move|p1a: Zapdos|Roost|p1a: Zapdos\n|-heal|p1a: Zapdos|98/100 brn\n|-singleturn|p1a: Zapdos|move: Roost\n|\n|-damage|p1a: Zapdos|92/100 brn|[from] brn\n|upkeep\n|turn|28\n|\n|t:|1761397172\n|move|p1a: Zapdos|U-turn|p2a: Gardevoir-Hell\n|-resisted|p2a: Gardevoir-Hell\n|-damage|p2a: Gardevoir-Hell|95/100\n|\n|t:|1761397180\n|switch|p1a: Celebi-Hell|Celebi-Hell, F, shiny|19/100|[from] U-turn\n|move|p2a: Gardevoir-Hell|Light of Ruin|p1a: Celebi-Hell\n|-resisted|p1a: Celebi-Hell\n|-damage|p1a: Celebi-Hell|0 fnt\n|faint|p1a: Celebi-Hell\n|\n|upkeep\n|\n|t:|1761397182\n|switch|p1a: Zapdos|Zapdos, shiny|92/100 brn\n|-ability|p1a: Zapdos|Pressure\n|turn|29\n|\n|t:|1761397185\n|move|p1a: Zapdos|U-turn|p2a: Gardevoir-Hell\n|-resisted|p2a: Gardevoir-Hell\n|-damage|p2a: Gardevoir-Hell|89/100\n|move|p2a: Gardevoir-Hell|Light of Ruin|p1a: Zapdos\n|-damage|p1a: Zapdos|0 fnt\n|faint|p1a: Zapdos\n|\n|win|testingooooo\n|c|☆ElysianSoul222|gg\n|c|☆testingooooo|gg\n|c|☆ElysianSoul222|just some mind games\n|c|☆ElysianSoul222|can't really do *much*\n|c|☆ElysianSoul222|but still\n|c|☆testingooooo|big bee lived the hit\n|c|☆testingooooo|and roomed up\n|c|☆ElysianSoul222|yeah\n|c|☆testingooooo|that was important\n|c|☆ElysianSoul222|tbf\n|c|☆testingooooo|it has good bulk\n|c|☆ElysianSoul222|I was not expecting zapdos\n|c|☆ElysianSoul222|outspeeding hellvoir lol\n|c|☆testingooooo|ah yeah\n|c|☆testingooooo|just modest agility\n|c|☆ElysianSoul222|yeah\n|c|☆testingooooo|i think u win tho\n|c|☆ElysianSoul222|there are tools\n|c|☆testingooooo|ground hoho is def the best tera\n|c|☆ElysianSoul222|yeah\n|c|☆testingooooo|and ngk\n|c|☆testingooooo|status spam is what im doin\n|c|☆testingooooo|t wave and toxic and what not\n|c|☆ElysianSoul222|ye\n|c|☆testingooooo|sf burn\n|c|☆ElysianSoul222|actually\n|c|☆ElysianSoul222|I might need to keep defog\n|c|☆ElysianSoul222|bc of hamurott\n|c|☆testingooooo|i can bring hamu\n|c|☆ElysianSoul222|and pray pech\n|c|☆testingooooo|the niche with hamu is that youre not that safe \n|c|☆ElysianSoul222|can toxic them\n|c|☆testingooooo|wwith water type\n|c|☆ElysianSoul222|yeah\n|c|☆testingooooo|lemme bring hamu\n|l|☆testingooooo\n|player|p2|\n|c|☆ElysianSoul222|okok\n","players":["ElysianSoul222","testingooooo"],"format":"[Gen 9] NatDex Draft","rating":null,"private":1,"password":"xy0mnjx3e71pyb0caxiybh11jgjqi2n","inputlog":">version f5040886e674df30a81d8aa6703a640b23e7a073\n>start {\"formatid\":\"gen9natdexdraft@@@Tera Type Preview\",\"seed\":\"sodium,fb7dbaaf88a8eee4424fe55346eb8911\"}\n>player p1 {\"name\":\"ElysianSoul222\",\"avatar\":\"skierf\",\"team\":\"Flutter Lame||Leftovers|Protosynthesis|Moonblast,ShadowBall,Substitute,CalmMind|Modest|72,,,244,,192|F|,0,,,,|S||,,,,,Water]Celebi-Hell||ShucaBerry|MotorDrive|RapidSpin,Uturn,IronHead,Recover|Careful|252,4,,,252,|F||S||,,,,,Steel]Blaziken||LumBerry|SpeedBoost|SwordsDance,CloseCombat,FlareBlitz,RockSlide|Adamant|16,252,4,,,236|M||S||,,,,,Electric]Zapdos||RockyHelmet|Pressure|Uturn,Roost,Toxic,Discharge|Bold|248,,164,,,96|N||S||,,,,,Electric]Pecharunt||BlackSludge|PoisonPuppeteer|NastyPlot,Recover,ShadowBall,MalignantChain|Bold|252,,64,,,192|N|,0,,,,|||,,,,,Poison]Krookodile||Leftovers|Intimidate|StealthRock,KnockOff,Earthquake,RockTomb|Jolly|248,84,,,,176|M||S||,,,,,Ground\",\"rating\":0}\n>player p2 {\"name\":\"testingooooo\",\"avatar\":\"266\",\"team\":\"Gardevoir-Hell||LifeOrb|MagicGuard|LightofRuin,EarthPower,Agility,Glare|Modest|,,,252,36,220|M|,0,,,,|||,,,,,Fairy]Beheeyem||Beheeyemite|Synchronize|Recover,TrickRoom,NastyPlot,Synchronoise|Quiet|252,,,252,4,|M|,0,,,,0|||,,,,,Psychic]Ho-Ho||HeavyDutyBoots|Regenerator|SacredFire,Earthquake,ThunderWave,Defog|Impish|252,48,180,,28,|F||||,,,,,Ground]Savage Scythe||ChoiceBand|Protosynthesis|RapidSpin,AquaJet,WaveCrash,FlipTurn|Adamant|,252,4,,,252|F||||,,,,,Steel]Kyurem||ChopleBerry|Pressure|EarthPower,FreezeDry,Toxic,Roost|Bold|252,,64,192,,|N|,0,,,,|||,,,,,Dragon]Dudunsparce||CovertCloak|Rattled|Coil,Roost,HyperDrill,Earthquake|Adamant|48,204,128,,128,|F||||,,,,,Normal\",\"rating\":0}\n>chat ☆ElysianSoul222|hf\n>chat ☆testingooooo|hff\n>p1 team 4, 2, 3, 1, 5, 6\n>p2 team 4, 2, 3, 1, 5, 6\n>p1 move discharge\n>p2 move flipturn\n>p2 switch 4\n>p1 switch 2\n>p2 switch 3\n>p1 switch 5\n>p2 move sacredfire terastallize\n>p1 move nastyplot\n>p2 move thunderwave\n>p1 move shadowball\n>p2 switch 6\n>p1 move malignantchain\n>p2 move coil\n>p1 move malignantchain\n>p2 move earthquake\n>p1 move malignantchain\n>p2 move earthquake\n>p2 switch 5\n>p1 move malignantchain\n>p2 move earthpower\n>p1 switch 3\n>p1 move swordsdance\n>p2 move earthpower\n>p1 move closecombat\n>p2 move earthpower\n>chat ☆testingooooo|boiii\n>p1 switch 6\n>p1 move knockoff\n>p2 move freezedry\n>p2 switch 4\n>p1 move knockoff\n>p2 move wavecrash\n>p1 switch 4\n>p1 move calmmind terastallize\n>p2 move wavecrash\n>p1 move shadowball\n>p2 move wavecrash\n>p2 switch 2\n>p1 move shadowball\n>p2 move trickroom mega\n>p1 move shadowball\n>p2 move synchronoise\n>p2 switch 6\n>p1 move shadowball\n>p2 move earthquake\n>p1 switch 2\n>p1 move roost\n>p2 move sacredfire\n>p1 move roost\n>p2 switch 3\n>p1 switch 5\n>p2 move lightofruin\n>p1 move rapidspin\n>p2 switch 3\n>p1 move uturn\n>p2 move sacredfire\n>p1 switch 5\n>p1 move uturn\n>p2 move earthquake\n>p1 switch 5\n>p1 move recover\n>p2 move earthquake\n>p1 switch 5\n>p2 move earthquake\n>p1 move roost\n>p2 switch 3\n>p1 move uturn\n>p2 move lightofruin\n>p1 switch 5\n>p1 switch 5\n>p1 move uturn\n>p2 move lightofruin","uploadtime":1761397366}