{"id":"gen9natdexdraft-43","log":"|j|☆snowpeashooter\n|j|☆MegaIdot\n|t:|1759416606\n|gametype|singles\n|player|p1|snowpeashooter|265|\n|player|p2|MegaIdot|102|\n|gen|9\n|tier|[Gen 9] NatDex Draft\n|rule|Tera Type Preview: Tera Types are shown at Team Preview\n|rule|Sleep Clause Mod: Limit one foe put to sleep\n|rule|OHKO Clause: OHKO moves are banned\n|rule|Evasion Clause: Evasion abilities, items, and moves are banned\n|rule|Evasion Abilities Clause: Evasion abilities are banned\n|rule|Evasion Items Clause: Evasion items are banned\n|rule|Evasion Moves Clause: Evasion moves are banned\n|rule|Endless Battle Clause: Forcing endless battles is banned\n|rule|HP Percentage Mod: HP is shown in percentages\n|raw|<div class=\"infobox\"><details class=\"readmore\" open><summary><strong>1 custom rule:</strong></summary> Tera Type Preview</details></div>\n|clearpoke\n|poke|p1|Greninja-*, F|\n|poke|p1|Iron Treads|\n|poke|p1|Slicing Segment, F|\n|poke|p1|Tornadus-Therian, M|\n|poke|p1|Gholdengo-Sea, F|\n|poke|p1|Roserade-Hell, M|\n|poke|p2|Ceruledge, F|\n|poke|p2|Ferrothorn, M|\n|poke|p2|Hydrapple, F|\n|poke|p2|Palafin, F|\n|poke|p2|Clefable, F|\n|poke|p2|Darkrai|\n|raw|snowpeashooter's Tera Types:<br /><psicon pokemon=\"greninja\" /><psicon type=\"Water\" /> / <psicon pokemon=\"irontreads\" /><psicon type=\"Ground\" /> / <psicon pokemon=\"slicingsegment\" /><psicon type=\"Bug\" /> / <psicon pokemon=\"tornadustherian\" /><psicon type=\"Water\" /> / <psicon pokemon=\"gholdengosea\" /><psicon type=\"Ghost\" /> / <psicon pokemon=\"roseradehell\" /><psicon type=\"Dark\" />\n|raw|MegaIdot's Tera Types:<br /><psicon pokemon=\"ceruledge\" /><psicon type=\"Fire\" /> / <psicon pokemon=\"ferrothorn\" /><psicon type=\"Grass\" /> / <psicon pokemon=\"hydrapple\" /><psicon type=\"Steel\" /> / <psicon pokemon=\"palafin\" /><psicon type=\"Water\" /> / <psicon pokemon=\"clefable\" /><psicon type=\"Fairy\" /> / <psicon pokemon=\"darkrai\" /><psicon type=\"Dark\" />\n|teampreview\n|c|☆snowpeashooter|glhf\n|c|☆MegaIdot|hfhf\n|\n|t:|1759416639\n|teamsize|p1|6\n|teamsize|p2|6\n|start\n|switch|p1a: Tornadus|Tornadus-Therian, M|100/100\n|switch|p2a: Palafin|Palafin, F|100/100\n|turn|1\n|\n|t:|1759416646\n|move|p1a: Tornadus|Hurricane|p2a: Palafin\n|-damage|p2a: Palafin|29/100\n|move|p2a: Palafin|Flip Turn|p1a: Tornadus\n|-damage|p1a: Tornadus|54/100\n|\n|t:|1759416652\n|detailschange|p2a: Palafin|Palafin-Hero, F\n|switch|p2a: Darkrai|Darkrai|100/100|[from] Flip Turn\n|\n|upkeep\n|turn|2\n|\n|t:|1759416661\n|switch|p1a: Roserade-Hell|Roserade-Hell, M|100/100\n|move|p2a: Darkrai|Dark Pulse|p1a: Roserade-Hell\n|-resisted|p1a: Roserade-Hell\n|-damage|p1a: Roserade-Hell|90/100\n|\n|-status|p1a: Roserade-Hell|tox|[from] item: Toxic Orb\n|upkeep\n|turn|3\n|\n|t:|1759416671\n|switch|p2a: Ferrothorn|Ferrothorn, M|100/100\n|move|p1a: Roserade-Hell|Parting Shot|p2a: Ferrothorn\n|-unboost|p2a: Ferrothorn|atk|1\n|-unboost|p2a: Ferrothorn|spa|1\n|\n|t:|1759416676\n|switch|p1a: Tornadus|Tornadus-Therian, M|87/100|[from] Parting Shot\n|\n|upkeep\n|turn|4\n|\n|t:|1759416680\n|switch|p2a: Clefable|Clefable, F|100/100\n|move|p1a: Tornadus|Taunt|p2a: Clefable\n|-start|p2a: Clefable|move: Taunt\n|\n|upkeep\n|turn|5\n|\n|t:|1759416687\n|move|p1a: Tornadus|Hurricane|p2a: Clefable\n|-damage|p2a: Clefable|69/100\n|-start|p2a: Clefable|confusion\n|-activate|p2a: Clefable|confusion\n|move|p2a: Clefable|Moonblast|p1a: Tornadus\n|-damage|p1a: Tornadus|49/100\n|\n|-heal|p2a: Clefable|75/100|[from] item: Leftovers\n|upkeep\n|turn|6\n|\n|t:|1759416697\n|switch|p2a: Ferrothorn|Ferrothorn, M|100/100\n|move|p1a: Tornadus|U-turn|p2a: Ferrothorn\n|-damage|p2a: Ferrothorn|93/100\n|-damage|p1a: Tornadus|37/100|[from] ability: Iron Barbs|[of] p2a: Ferrothorn\n|-damage|p1a: Tornadus|20/100|[from] item: Rocky Helmet|[of] p2a: Ferrothorn\n|\n|t:|1759416712\n|switch|p1a: Greninja|Greninja, F|100/100|[from] U-turn\n|\n|upkeep\n|turn|7\n|\n|t:|1759416719\n|detailschange|p1a: Greninja|Greninja-Mega, F\n|-mega|p1a: Greninja|Greninja|Greninjite\n|move|p1a: Greninja|Dark Pulse|p2a: Ferrothorn\n|-damage|p2a: Ferrothorn|52/100\n|cant|p2a: Ferrothorn|flinch\n|\n|upkeep\n|turn|8\n|\n|t:|1759416726\n|move|p1a: Greninja|Dark Pulse|p2a: Ferrothorn\n|-damage|p2a: Ferrothorn|11/100\n|move|p2a: Ferrothorn|Thunder Wave|p1a: Greninja\n|-status|p1a: Greninja|par\n|\n|upkeep\n|turn|9\n|\n|t:|1759416734\n|move|p1a: Greninja|Dark Pulse|p2a: Ferrothorn\n|-damage|p2a: Ferrothorn|0 fnt\n|faint|p2a: Ferrothorn\n|\n|upkeep\n|\n|t:|1759416743\n|switch|p2a: Darkrai|Darkrai|100/100\n|turn|10\n|\n|t:|1759416747\n|switch|p1a: Roserade-Hell|Roserade-Hell, M|90/100 tox\n|move|p2a: Darkrai|Nasty Plot|p2a: Darkrai\n|-boost|p2a: Darkrai|spa|2\n|\n|-heal|p1a: Roserade-Hell|100/100 tox|[from] ability: Poison Heal\n|upkeep\n|turn|11\n|\n|t:|1759416754\n|move|p2a: Darkrai|Sludge Bomb|p1a: Roserade-Hell\n|-supereffective|p1a: Roserade-Hell\n|-damage|p1a: Roserade-Hell|7/100 tox\n|move|p1a: Roserade-Hell|Moonblast|p2a: Darkrai\n|-supereffective|p2a: Darkrai\n|-damage|p2a: Darkrai|0 fnt\n|faint|p2a: Darkrai\n|\n|-heal|p1a: Roserade-Hell|20/100 tox|[from] ability: Poison Heal\n|upkeep\n|\n|t:|1759416766\n|switch|p2a: Palafin|Palafin-Hero, F|29/100\n|-activate|p2a: Palafin|ability: Zero to Hero\n|turn|12\n|\n|t:|1759416771\n|move|p1a: Roserade-Hell|Protect|p1a: Roserade-Hell\n|-singleturn|p1a: Roserade-Hell|Protect\n|move|p2a: Palafin|Jet Punch|p1a: Roserade-Hell\n|-activate|p1a: Roserade-Hell|move: Protect\n|\n|-heal|p1a: Roserade-Hell|32/100 tox|[from] ability: Poison Heal\n|upkeep\n|turn|13\n|\n|t:|1759416775\n|switch|p1a: Gholdengo-Sea|Gholdengo-Sea, F|100/100\n|move|p2a: Palafin|Jet Punch|p1a: Gholdengo-Sea\n|-resisted|p1a: Gholdengo-Sea\n|-damage|p1a: Gholdengo-Sea|74/100\n|\n|upkeep\n|turn|14\n|\n|t:|1759416782\n|switch|p2a: Clefable|Clefable, F|75/100\n|move|p1a: Gholdengo-Sea|Thunder Wave|p2a: Clefable\n|-status|p2a: Clefable|par\n|\n|-heal|p2a: Clefable|81/100 par|[from] item: Leftovers\n|upkeep\n|turn|15\n|\n|t:|1759416789\n|switch|p1a: Slicing Segment|Slicing Segment, F|100/100\n|move|p2a: Clefable|Stealth Rock|p1a: Slicing Segment\n|-sidestart|p1: snowpeashooter|move: Stealth Rock\n|\n|-heal|p2a: Clefable|87/100 par|[from] item: Leftovers\n|upkeep\n|turn|16\n|\n|t:|1759416797\n|move|p2a: Clefable|Magic Coat|p2a: Clefable\n|-singleturn|p2a: Clefable|move: Magic Coat\n|move|p1a: Slicing Segment|Toxic Spikes|p2a: Clefable\n|move|p2a: Clefable|Toxic Spikes|p1a: Slicing Segment|[from] Magic Coat\n|-sidestart|p1: snowpeashooter|move: Toxic Spikes\n|\n|-heal|p2a: Clefable|93/100 par|[from] item: Leftovers\n|upkeep\n|turn|17\n|\n|t:|1759416802\n|switch|p2a: Ceruledge|Ceruledge, F, shiny|100/100\n|move|p1a: Slicing Segment|Toxic Spikes|p2a: Ceruledge\n|-sidestart|p2: MegaIdot|move: Toxic Spikes\n|\n|upkeep\n|turn|18\n|\n|t:|1759416813\n|-end|p1a: Slicing Segment|Protosynthesis|[silent]\n|switch|p1a: Roserade-Hell|Roserade-Hell, M|32/100 tox\n|-damage|p1a: Roserade-Hell|20/100 tox|[from] Stealth Rock\n|detailschange|p2a: Ceruledge|Ceruledge-Mega, F, shiny\n|-mega|p2a: Ceruledge|Ceruledge|Ceruledgite\n|move|p2a: Ceruledge|Swords Dance|p2a: Ceruledge\n|-boost|p2a: Ceruledge|atk|2\n|\n|-heal|p1a: Roserade-Hell|32/100 tox|[from] ability: Poison Heal\n|upkeep\n|turn|19\n|\n|t:|1759416820\n|move|p2a: Ceruledge|Bitter Blade|p1a: Roserade-Hell\n|-damage|p1a: Roserade-Hell|0 fnt\n|faint|p1a: Roserade-Hell\n|\n|upkeep\n|\n|t:|1759416834\n|switch|p1a: Gholdengo-Sea|Gholdengo-Sea, F|74/100\n|-damage|p1a: Gholdengo-Sea|62/100|[from] Stealth Rock\n|-status|p1a: Gholdengo-Sea|psn\n|turn|20\n|\n|t:|1759416843\n|move|p2a: Ceruledge|Shadow Sneak|p1a: Gholdengo-Sea\n|-supereffective|p1a: Gholdengo-Sea\n|-enditem|p1a: Gholdengo-Sea|Kasib Berry|[eat]\n|-enditem|p1a: Gholdengo-Sea|Kasib Berry|[weaken]\n|-damage|p1a: Gholdengo-Sea|34/100 psn\n|move|p1a: Gholdengo-Sea|Surf|p2a: Ceruledge\n|-supereffective|p2a: Ceruledge\n|-damage|p2a: Ceruledge|4/100\n|\n|-damage|p1a: Gholdengo-Sea|21/100 psn|[from] psn\n|upkeep\n|turn|21\n|\n|t:|1759416853\n|move|p2a: Ceruledge|Bitter Blade|p1a: Gholdengo-Sea\n|-resisted|p1a: Gholdengo-Sea\n|-damage|p1a: Gholdengo-Sea|0 fnt\n|-heal|p2a: Ceruledge|17/100|[from] drain|[of] p1a: Gholdengo-Sea\n|faint|p1a: Gholdengo-Sea\n|\n|upkeep\n|\n|t:|1759416869\n|switch|p1a: Tornadus|Tornadus-Therian, M|53/100\n|turn|22\n|\n|t:|1759416877\n|move|p2a: Ceruledge|Shadow Sneak|p1a: Tornadus\n|-damage|p1a: Tornadus|16/100\n|move|p1a: Tornadus|Hurricane|p2a: Ceruledge\n|-supereffective|p2a: Ceruledge\n|-damage|p2a: Ceruledge|0 fnt\n|faint|p2a: Ceruledge\n|detailschange|p2: Ceruledge|Ceruledge, F, shiny|[silent]\n|\n|upkeep\n|\n|t:|1759416884\n|switch|p2a: Palafin|Palafin-Hero, F|29/100\n|-status|p2a: Palafin|psn\n|turn|23\n|\n|t:|1759416889\n|switch|p1a: Greninja|Greninja-Mega, F|100/100 par\n|-damage|p1a: Greninja|88/100 par|[from] Stealth Rock\n|-sideend|p1: snowpeashooter|move: Toxic Spikes|[of] p1a: Greninja\n|move|p2a: Palafin|Jet Punch|p1a: Greninja\n|-resisted|p1a: Greninja\n|-damage|p1a: Greninja|41/100 par\n|\n|-damage|p2a: Palafin|17/100 psn|[from] psn\n|upkeep\n|turn|24\n|\n|t:|1759416894\n|move|p2a: Palafin|Jet Punch|p1a: Greninja\n|-resisted|p1a: Greninja\n|-damage|p1a: Greninja|0 fnt\n|faint|p1a: Greninja\n|detailschange|p1: Greninja|Greninja, F|[silent]\n|\n|-damage|p2a: Palafin|5/100 psn|[from] psn\n|upkeep\n|\n|t:|1759416898\n|switch|p1a: Tornadus|Tornadus-Therian, M|49/100\n|turn|25\n|\n|t:|1759416914\n|-terastallize|p1a: Tornadus|Water\n|move|p2a: Palafin|Jet Punch|p1a: Tornadus\n|-resisted|p1a: Tornadus\n|-damage|p1a: Tornadus|10/100\n|move|p1a: Tornadus|U-turn|p2a: Palafin\n|-damage|p2a: Palafin|0 fnt\n|faint|p2a: Palafin\n|\n|t:|1759416922\n|switch|p1a: Slicing Segment|Slicing Segment, F|100/100|[from] U-turn\n|\n|upkeep\n|\n|t:|1759416928\n|switch|p2a: Hydrapple|Hydrapple, F|100/100\n|-status|p2a: Hydrapple|psn\n|turn|26\n|\n|t:|1759416937\n|-terastallize|p2a: Hydrapple|Steel\n|move|p1a: Slicing Segment|U-turn|p2a: Hydrapple\n|-resisted|p2a: Hydrapple\n|-damage|p2a: Hydrapple|89/100 psn\n|\n|t:|1759416940\n|-end|p1a: Slicing Segment|Protosynthesis|[silent]\n|switch|p1a: Iron Treads|Iron Treads|100/100|[from] U-turn\n|-damage|p1a: Iron Treads|98/100|[from] Stealth Rock\n|move|p2a: Hydrapple|Nasty Plot|p2a: Hydrapple\n|-boost|p2a: Hydrapple|spa|2\n|\n|-heal|p1a: Iron Treads|100/100|[from] item: Leftovers\n|-heal|p2a: Hydrapple|95/100 psn|[from] item: Leftovers\n|-damage|p2a: Hydrapple|83/100 psn|[from] psn\n|upkeep\n|turn|27\n|\n|t:|1759416945\n|move|p1a: Iron Treads|Earthquake|p2a: Hydrapple\n|-supereffective|p2a: Hydrapple\n|-damage|p2a: Hydrapple|7/100 psn\n|move|p2a: Hydrapple|Giga Drain|p1a: Iron Treads\n|-crit|p1a: Iron Treads\n|-damage|p1a: Iron Treads|0 fnt\n|-heal|p2a: Hydrapple|49/100 psn|[from] drain|[of] p1a: Iron Treads\n|faint|p1a: Iron Treads\n|-end|p1a: Iron Treads|Quark Drive|[silent]\n|\n|-heal|p2a: Hydrapple|55/100 psn|[from] item: Leftovers\n|-damage|p2a: Hydrapple|43/100 psn|[from] psn\n|upkeep\n|c|☆MegaIdot|mb\n|\n|t:|1759416959\n|switch|p1a: Tornadus|Tornadus-Therian, M, tera:Water|43/100\n|turn|28\n|\n|t:|1759416963\n|move|p1a: Tornadus|U-turn|p2a: Hydrapple\n|-resisted|p2a: Hydrapple\n|-damage|p2a: Hydrapple|37/100 psn\n|\n|t:|1759416965\n|switch|p1a: Slicing Segment|Slicing Segment, F|100/100|[from] U-turn\n|move|p2a: Hydrapple|Giga Drain|p1a: Slicing Segment\n|-resisted|p1a: Slicing Segment\n|-damage|p1a: Slicing Segment|88/100\n|-heal|p2a: Hydrapple|43/100 psn|[from] drain|[of] p1a: Slicing Segment\n|\n|-heal|p2a: Hydrapple|50/100 psn|[from] item: Leftovers\n|-damage|p2a: Hydrapple|37/100 psn|[from] psn\n|upkeep\n|turn|29\n|\n|t:|1759416970\n|move|p1a: Slicing Segment|Lunge|p2a: Hydrapple\n|-resisted|p2a: Hydrapple\n|-damage|p2a: Hydrapple|25/100 psn\n|-unboost|p2a: Hydrapple|atk|1\n|move|p2a: Hydrapple|Fickle Beam|p1a: Slicing Segment\n|-damage|p1a: Slicing Segment|28/100\n|\n|-heal|p2a: Hydrapple|31/100 psn|[from] item: Leftovers\n|-damage|p2a: Hydrapple|18/100 psn|[from] psn\n|upkeep\n|turn|30\n|\n|t:|1759416979\n|switch|p2a: Clefable|Clefable, F|93/100 par\n|move|p1a: Slicing Segment|Slack Off|p1a: Slicing Segment\n|-heal|p1a: Slicing Segment|78/100\n|\n|-heal|p2a: Clefable|99/100 par|[from] item: Leftovers\n|upkeep\n|turn|31\n|\n|t:|1759416994\n|move|p1a: Slicing Segment|Lunge|p2a: Clefable\n|-resisted|p2a: Clefable\n|-damage|p2a: Clefable|80/100 par\n|-unboost|p2a: Clefable|atk|1\n|move|p2a: Clefable|Thunder Wave|p1a: Slicing Segment\n|-status|p1a: Slicing Segment|par\n|\n|-heal|p2a: Clefable|87/100 par|[from] item: Leftovers\n|upkeep\n|turn|32\n|\n|t:|1759417000\n|switch|p2a: Hydrapple|Hydrapple, F, tera:Steel|51/100 psn\n|move|p1a: Slicing Segment|U-turn|p2a: Hydrapple\n|-resisted|p2a: Hydrapple\n|-damage|p2a: Hydrapple|39/100 psn\n|\n|t:|1759417005\n|-end|p1a: Slicing Segment|Protosynthesis|[silent]\n|switch|p1a: Tornadus|Tornadus-Therian, M, tera:Water|76/100|[from] U-turn\n|\n|-heal|p2a: Hydrapple|46/100 psn|[from] item: Leftovers\n|-damage|p2a: Hydrapple|33/100 psn|[from] psn\n|upkeep\n|turn|33\n|\n|t:|1759417010\n|switch|p2a: Clefable|Clefable, F|87/100 par\n|move|p1a: Tornadus|U-turn|p2a: Clefable\n|-resisted|p2a: Clefable\n|-damage|p2a: Clefable|78/100 par\n|\n|t:|1759417014\n|switch|p1a: Slicing Segment|Slicing Segment, F|78/100 par|[from] U-turn\n|\n|-heal|p2a: Clefable|84/100 par|[from] item: Leftovers\n|upkeep\n|turn|34\n|\n|t:|1759417022\n|move|p2a: Clefable|Magic Coat|p2a: Clefable\n|-singleturn|p2a: Clefable|move: Magic Coat\n|move|p1a: Slicing Segment|U-turn|p2a: Clefable\n|-resisted|p2a: Clefable\n|-crit|p2a: Clefable\n|-damage|p2a: Clefable|59/100 par\n|\n|t:|1759417025\n|-end|p1a: Slicing Segment|Protosynthesis|[silent]\n|switch|p1a: Tornadus|Tornadus-Therian, M, tera:Water|100/100|[from] U-turn\n|\n|-heal|p2a: Clefable|65/100 par|[from] item: Leftovers\n|upkeep\n|turn|35\n|\n|t:|1759417030\n|move|p1a: Tornadus|Taunt|p2a: Clefable\n|-start|p2a: Clefable|move: Taunt\n|cant|p2a: Clefable|move: Taunt|Thunder Wave\n|\n|-heal|p2a: Clefable|71/100 par|[from] item: Leftovers\n|upkeep\n|turn|36\n|\n|t:|1759417036\n|move|p1a: Tornadus|Hurricane|p2a: Clefable\n|-damage|p2a: Clefable|36/100 par\n|move|p2a: Clefable|Moonblast|p1a: Tornadus\n|-damage|p1a: Tornadus|61/100\n|\n|-heal|p2a: Clefable|42/100 par|[from] item: Leftovers\n|upkeep\n|turn|37\n|\n|t:|1759417046\n|move|p1a: Tornadus|Hurricane|p2a: Clefable\n|-damage|p2a: Clefable|8/100 par\n|cant|p2a: Clefable|par\n|\n|-heal|p2a: Clefable|14/100 par|[from] item: Leftovers\n|-end|p2a: Clefable|move: Taunt\n|upkeep\n|turn|38\n|\n|t:|1759417055\n|move|p1a: Tornadus|Hurricane|p2a: Clefable\n|-damage|p2a: Clefable|0 fnt\n|faint|p2a: Clefable\n|\n|upkeep\n|\n|t:|1759417057\n|switch|p2a: Hydrapple|Hydrapple, F, tera:Steel|66/100 psn\n|turn|39\n|\n|t:|1759417062\n|move|p1a: Tornadus|U-turn|p2a: Hydrapple\n|-resisted|p2a: Hydrapple\n|-damage|p2a: Hydrapple|61/100 psn\n|\n|t:|1759417064\n|switch|p1a: Slicing Segment|Slicing Segment, F|78/100 par|[from] U-turn\n|move|p2a: Hydrapple|Nasty Plot|p2a: Hydrapple\n|-boost|p2a: Hydrapple|spa|2\n|\n|-heal|p2a: Hydrapple|67/100 psn|[from] item: Leftovers\n|-damage|p2a: Hydrapple|55/100 psn|[from] psn\n|upkeep\n|turn|40\n|\n|t:|1759417069\n|move|p2a: Hydrapple|Tera Blast|p1a: Slicing Segment|[anim] Tera Blast Steel\n|-damage|p1a: Slicing Segment|15/100 par\n|move|p1a: Slicing Segment|Lunge|p2a: Hydrapple\n|-resisted|p2a: Hydrapple\n|-damage|p2a: Hydrapple|40/100 psn\n|-unboost|p2a: Hydrapple|atk|1\n|\n|-heal|p2a: Hydrapple|47/100 psn|[from] item: Leftovers\n|-damage|p2a: Hydrapple|34/100 psn|[from] psn\n|upkeep\n|turn|41\n|\n|t:|1759417076\n|move|p2a: Hydrapple|Giga Drain|p1a: Slicing Segment\n|-resisted|p1a: Slicing Segment\n|-damage|p1a: Slicing Segment|3/100 par\n|-heal|p2a: Hydrapple|41/100 psn|[from] drain|[of] p1a: Slicing Segment\n|move|p1a: Slicing Segment|Slack Off|p1a: Slicing Segment\n|-heal|p1a: Slicing Segment|53/100 par\n|\n|-heal|p2a: Hydrapple|47/100 psn|[from] item: Leftovers\n|-damage|p2a: Hydrapple|34/100 psn|[from] psn\n|upkeep\n|turn|42\n|\n|t:|1759417084\n|move|p2a: Hydrapple|Tera Blast|p1a: Slicing Segment|[anim] Tera Blast Steel\n|-damage|p1a: Slicing Segment|0 fnt\n|faint|p1a: Slicing Segment\n|-end|p1a: Slicing Segment|Protosynthesis|[silent]\n|\n|-heal|p2a: Hydrapple|41/100 psn|[from] item: Leftovers\n|-damage|p2a: Hydrapple|28/100 psn|[from] psn\n|upkeep\n|\n|t:|1759417087\n|switch|p1a: Tornadus|Tornadus-Therian, M, tera:Water|94/100\n|turn|43\n|\n|t:|1759417091\n|move|p1a: Tornadus|Hurricane|p2a: Hydrapple\n|-resisted|p2a: Hydrapple\n|-damage|p2a: Hydrapple|2/100 psn\n|-start|p2a: Hydrapple|confusion\n|-activate|p2a: Hydrapple|confusion\n|move|p2a: Hydrapple|Giga Drain|p1a: Tornadus\n|-supereffective|p1a: Tornadus\n|-damage|p1a: Tornadus|0 fnt\n|-heal|p2a: Hydrapple|36/100 psn|[from] drain|[of] p1a: Tornadus\n|faint|p1a: Tornadus\n|\n|win|MegaIdot\n|c|☆MegaIdot|ggs\n|l|☆snowpeashooter\n|player|p1|\n","players":["snowpeashooter","MegaIdot"],"format":"[Gen 9] NatDex Draft","rating":null,"private":1,"password":"kugbx616csqss9uweox22o543fj1lph","inputlog":">version 2521d38b27f80d1c68b15942009d55f3b2bb8613\n>start {\"formatid\":\"gen9natdexdraft@@@Tera Type Preview\",\"seed\":\"sodium,e5e8cf1983ea9314c284395a286ecfd3\"}\n>player p1 {\"name\":\"snowpeashooter\",\"avatar\":\"265\",\"team\":\"Greninja||Greninjite|Torrent|SludgeWave,HydroPump,DarkPulse,Spikes|Modest|,,40,252,,216|F|,0,,,,|||,,,,,Water]Iron Treads||Leftovers|QuarkDrive|IceSpinner,RapidSpin,Earthquake,StealthRock|Adamant|96,252,,,,160|N||||,,,,,Ground]Slicing Segment||HeavyDutyBoots|Protosynthesis|Lunge,ToxicSpikes,Uturn,SlackOff|Careful|248,8,,,252,|F||||,,,,,Bug]Tornadus|TornadusTherian|HeavyDutyBoots|Regenerator|Hurricane,Taunt,NastyPlot,Uturn|Timid|,,80,252,,176|M||||,,,,,Water]Gholdengo-Sea||KasibBerry|GoodasGold|Surf,Hex,Recover,ThunderWave|Modest|248,,132,128,,|F|,0,,,,|||,,,,,Ghost]Roserade-Hell||ToxicOrb|PoisonHeal|Spikes,Protect,Moonblast,PartingShot|Calm|236,,,20,252,|M|,0,,,,|||,,,,,Dark\",\"rating\":0}\n>player p2 {\"name\":\"MegaIdot\",\"avatar\":\"102\",\"team\":\"Ceruledge||Ceruledgite|WeakArmor|SwordsDance,BitterBlade,CloseCombat,ShadowSneak|Jolly|,252,,,4,252|F||S||,,,,,Fire]Ferrothorn||RockyHelmet|IronBarbs|LeechSeed,ThunderWave,IronHead,BodyPress|Impish|248,,252,,8,|M||||,,,,,Grass]Hydrapple||Leftovers|Regenerator|NastyPlot,FickleBeam,TeraBlast,GigaDrain|Modest|252,,,252,4,|F||||,,,,,Steel]Palafin||ChoiceBand|ZerotoHero|CloseCombat,FlipTurn,JetPunch,WaveCrash|Adamant|,252,,,4,252|F||||,,,,,Water]Clefable||Leftovers|MagicGuard|ThunderWave,StealthRock,Moonblast,MagicCoat|Calm|252,,,4,252,|F|,0,,,,|||,,,,,Fairy]Darkrai||BlackGlasses|BadDreams|NastyPlot,DarkPulse,SludgeBomb,Thunderbolt|Timid|,,,252,4,252|N|,0,,,,|||,,,,,Dark\",\"rating\":0}\n>chat ☆snowpeashooter|glhf\n>chat ☆MegaIdot|hfhf\n>p1 team 4, 2, 3, 1, 5, 6\n>p2 team 4, 2, 3, 1, 5, 6\n>p1 move hurricane\n>p2 move flipturn\n>p2 switch 6\n>p1 switch 6\n>p2 move darkpulse\n>p1 move partingshot\n>p2 switch 2\n>p1 switch 6\n>p1 move taunt\n>p2 switch 5\n>p1 move hurricane\n>p2 move moonblast\n>p1 move uturn\n>p2 switch 5\n>p1 switch 4\n>p1 move darkpulse mega\n>p2 move thunderwave\n>p1 move darkpulse\n>p2 move thunderwave\n>p1 move darkpulse\n>p2 move leechseed\n>p2 switch 2\n>p1 switch 6\n>p2 move nastyplot\n>p1 move moonblast\n>p2 move sludgebomb\n>p2 switch 6\n>p1 move protect\n>p2 move jetpunch\n>p1 switch 5\n>p2 move jetpunch\n>p1 move thunderwave\n>p2 switch 5\n>p1 switch 3\n>p2 move stealthrock\n>p1 move toxicspikes\n>p2 move magiccoat\n>p1 move toxicspikes\n>p2 switch 4\n>p1 switch 5\n>p2 move swordsdance mega\n>p1 move partingshot\n>p2 move bitterblade\n>p1 switch 3\n>p1 move surf\n>p2 move shadowsneak\n>p1 move surf\n>p2 move bitterblade\n>p1 switch 4\n>p1 move hurricane\n>p2 move shadowsneak\n>p2 switch 5\n>p1 switch 6\n>p2 move jetpunch\n>p1 move sludgewave\n>p2 move jetpunch\n>p1 switch 6\n>p1 move uturn terastallize\n>p2 move jetpunch\n>p1 switch 5\n>p2 switch 3\n>p1 move uturn\n>p2 move nastyplot terastallize\n>p1 switch 2\n>p1 move earthquake\n>p2 move gigadrain\n>chat ☆MegaIdot|mb\n>p1 switch 5\n>p1 move uturn\n>p2 move gigadrain\n>p1 switch 2\n>p1 move lunge\n>p2 move ficklebeam\n>p1 move slackoff\n>p2 switch 4\n>p1 move lunge\n>p2 move thunderwave\n>p1 move uturn\n>p2 switch 4\n>p1 switch 2\n>p1 move uturn\n>p2 switch 4\n>p1 switch 2\n>p1 move uturn\n>p2 move magiccoat\n>p1 switch 2\n>p1 move taunt\n>p2 move thunderwave\n>p1 move hurricane\n>p2 move moonblast\n>p1 move hurricane\n>p2 move moonblast\n>p1 move hurricane\n>p2 move thunderwave\n>p2 switch 4\n>p1 move uturn\n>p2 move nastyplot\n>p1 switch 2\n>p1 move lunge\n>p2 move terablast\n>p1 move slackoff\n>p2 move gigadrain\n>p1 move slackoff\n>p2 move terablast\n>p1 switch 2\n>p1 move hurricane\n>p2 move gigadrain","uploadtime":1759417106}