{"id":"gen9natdexdraft-218","log":"|j|☆GooseFragger\n|j|☆The_Shawdoin\n|t:|1762210818\n|gametype|singles\n|player|p1|GooseFragger|101|\n|player|p2|The_Shawdoin|caitlin|\n|gen|9\n|tier|[Gen 9] NatDex Draft\n|rule|Tera Type Preview: Tera Types are shown at Team Preview\n|rule|Sleep Clause Mod: Limit one foe put to sleep\n|rule|OHKO Clause: OHKO moves are banned\n|rule|Evasion Clause: Evasion abilities, items, and moves are banned\n|rule|Evasion Abilities Clause: Evasion abilities are banned\n|rule|Evasion Items Clause: Evasion items are banned\n|rule|Evasion Moves Clause: Evasion moves are banned\n|rule|Endless Battle Clause: Forcing endless battles is banned\n|rule|HP Percentage Mod: HP is shown in percentages\n|raw|<div class=\"infobox\"><details class=\"readmore\" open><summary><strong>1 custom rule:</strong></summary> Tera Type Preview</details></div>\n|clearpoke\n|poke|p1|Lugaya, F|\n|poke|p1|Gardevoir-Hell, F|\n|poke|p1|Tangrowth, F|\n|poke|p1|Kabuyeti-Climb, M|\n|poke|p1|Gloomhorn, M|\n|poke|p1|Corviknight, F|\n|poke|p2|Wild Wind, M|\n|poke|p2|Drifblim-Hell, F|\n|poke|p2|Zapdos|\n|poke|p2|Iron Saw, F|\n|poke|p2|Terapagos, M|\n|poke|p2|Gouging Fire|\n|raw|GooseFragger's Tera Types:<br /><psicon pokemon=\"lugaya\" /><psicon type=\"Electric\" /> / <psicon pokemon=\"gardevoirhell\" /><psicon type=\"Fairy\" /> / <psicon pokemon=\"tangrowth\" /><psicon type=\"Grass\" /> / <psicon pokemon=\"kabuyeticlimb\" /><psicon type=\"Ice\" /> / <psicon pokemon=\"gloomhorn\" /><psicon type=\"Dark\" /> / <psicon pokemon=\"corviknight\" /><psicon type=\"Flying\" />\n|raw|The_Shawdoin's Tera Types:<br /><psicon pokemon=\"wildwind\" /><psicon type=\"Poison\" /> / <psicon pokemon=\"drifblimhell\" /><psicon type=\"Water\" /> / <psicon pokemon=\"zapdos\" /><psicon type=\"Fairy\" /> / <psicon pokemon=\"ironsaw\" /><psicon type=\"Electric\" /> / <psicon pokemon=\"terapagos\" /><psicon type=\"Stellar\" /> / <psicon pokemon=\"gougingfire\" /><psicon type=\"Fire\" />\n|teampreview\n|c|☆The_Shawdoin|gl hf\n|c|☆GooseFragger|good luck\n|j|~SparksTheNeo\n|\n|t:|1762210890\n|teamsize|p1|6\n|teamsize|p2|6\n|start\n|switch|p1a: Kabuyeti-Climb|Kabuyeti-Climb, M|100/100\n|switch|p2a: Wild Wind|Wild Wind, M|100/100\n|-ability|p1a: Kabuyeti-Climb|Mold Breaker\n|turn|1\n|\n|t:|1762210910\n|-terastallize|p2a: Wild Wind|Poison\n|move|p1a: Kabuyeti-Climb|Icicle Crash|p2a: Wild Wind\n|-damage|p2a: Wild Wind|44/100\n|cant|p2a: Wild Wind|flinch\n|\n|-heal|p2a: Wild Wind|50/100|[from] item: Leftovers\n|upkeep\n|turn|2\n|\n|t:|1762210963\n|-end|p2a: Wild Wind|Protosynthesis|[silent]\n|switch|p2a: Iron Saw|Iron Saw, F|100/100\n|move|p1a: Kabuyeti-Climb|Icicle Crash|p2a: Iron Saw\n|-resisted|p2a: Iron Saw\n|-damage|p2a: Iron Saw|60/100\n|\n|upkeep\n|turn|3\n|\n|t:|1762210996\n|switch|p1a: Tangrowth|Tangrowth, F|100/100\n|move|p2a: Iron Saw|Iron Head|p1a: Tangrowth\n|-damage|p1a: Tangrowth|81/100\n|-damage|p2a: Iron Saw|44/100|[from] item: Rocky Helmet|[of] p1a: Tangrowth\n|\n|upkeep\n|turn|4\n|\n|t:|1762211017\n|-end|p2a: Iron Saw|Quark Drive|[silent]\n|switch|p2a: Wild Wind|Wild Wind, M, tera:Poison|50/100\n|move|p1a: Tangrowth|Toxic|p2a: Wild Wind\n|-immune|p2a: Wild Wind\n|\n|-heal|p2a: Wild Wind|57/100|[from] item: Leftovers\n|upkeep\n|turn|5\n|\n|t:|1762211032\n|switch|p1a: Corviknight|Corviknight, F|100/100\n|-ability|p1a: Corviknight|Pressure\n|move|p2a: Wild Wind|U-turn|p1a: Corviknight\n|-resisted|p1a: Corviknight\n|-damage|p1a: Corviknight|98/100\n|\n|t:|1762211051\n|-end|p2a: Wild Wind|Protosynthesis|[silent]\n|switch|p2a: Gouging Fire|Gouging Fire|100/100|[from] U-turn\n|\n|-heal|p1a: Corviknight|100/100|[from] item: Leftovers\n|upkeep\n|turn|6\n|\n|t:|1762211078\n|switch|p1a: Lugaya|Lugaya, F|100/100\n|move|p2a: Gouging Fire|Dragon Dance|p2a: Gouging Fire\n|-boost|p2a: Gouging Fire|atk|1\n|-boost|p2a: Gouging Fire|spe|1\n|\n|upkeep\n|turn|7\n|\n|t:|1762211088\n|move|p2a: Gouging Fire|Crunch|p1a: Lugaya\n|-supereffective|p1a: Lugaya\n|-damage|p1a: Lugaya|56/100\n|-damage|p2a: Gouging Fire|91/100|[from] item: Life Orb\n|move|p1a: Lugaya|Psycho Boost|p2a: Gouging Fire\n|-damage|p2a: Gouging Fire|56/100\n|-unboost|p1a: Lugaya|spa|2\n|\n|upkeep\n|turn|8\n|\n|t:|1762211102\n|-terastallize|p1a: Lugaya|Electric\n|move|p2a: Gouging Fire|Morning Sun|p2a: Gouging Fire\n|-heal|p2a: Gouging Fire|100/100\n|move|p1a: Lugaya|Tera Blast|p2a: Gouging Fire|[anim] Tera Blast Electric\n|-resisted|p2a: Gouging Fire\n|-damage|p2a: Gouging Fire|92/100\n|\n|upkeep\n|turn|9\n|\n|t:|1762211109\n|switch|p1a: Gardevoir-Hell|Gardevoir-Hell, F|100/100\n|-ability|p1a: Gardevoir-Hell|Petrifying Gaze|boost\n|-unboost|p2a: Gouging Fire|spe|1\n|move|p2a: Gouging Fire|Dragon Dance|p2a: Gouging Fire\n|-boost|p2a: Gouging Fire|atk|1\n|-boost|p2a: Gouging Fire|spe|1\n|\n|upkeep\n|turn|10\n|\n|t:|1762211115\n|move|p2a: Gouging Fire|Flare Blitz|p1a: Gardevoir-Hell\n|-damage|p1a: Gardevoir-Hell|0 fnt\n|faint|p1a: Gardevoir-Hell\n|-damage|p2a: Gouging Fire|61/100|[from] Recoil\n|-damage|p2a: Gouging Fire|51/100|[from] item: Life Orb\n|\n|upkeep\n|\n|t:|1762211118\n|switch|p1a: Gloomhorn|Gloomhorn, M|100/100\n|turn|11\n|\n|t:|1762211129\n|move|p2a: Gouging Fire|Flare Blitz|p1a: Gloomhorn\n|-damage|p1a: Gloomhorn|0 fnt\n|faint|p1a: Gloomhorn\n|-damage|p2a: Gouging Fire|15/100|[from] Recoil\n|-damage|p2a: Gouging Fire|5/100|[from] item: Life Orb\n|\n|upkeep\n|\n|t:|1762211135\n|switch|p1a: Tangrowth|Tangrowth, F|100/100\n|turn|12\n|\n|t:|1762211138\n|move|p2a: Gouging Fire|Morning Sun|p2a: Gouging Fire\n|-heal|p2a: Gouging Fire|55/100\n|move|p1a: Tangrowth|Earthquake|p2a: Gouging Fire\n|-supereffective|p2a: Gouging Fire\n|-damage|p2a: Gouging Fire|14/100\n|\n|upkeep\n|turn|13\n|\n|t:|1762211144\n|move|p2a: Gouging Fire|Flare Blitz|p1a: Tangrowth\n|-supereffective|p1a: Tangrowth\n|-damage|p1a: Tangrowth|0 fnt\n|-damage|p2a: Gouging Fire|0 fnt|[from] item: Rocky Helmet|[of] p1a: Tangrowth\n|faint|p1a: Tangrowth\n|faint|p2a: Gouging Fire\n|-end|p2a: Gouging Fire|Protosynthesis|[silent]\n|\n|upkeep\n|\n|t:|1762211149\n|switch|p2a: Drifblim-Hell|Drifblim-Hell, F|100/100\n|switch|p1a: Kabuyeti-Climb|Kabuyeti-Climb, M|100/100\n|-ability|p1a: Kabuyeti-Climb|Mold Breaker\n|turn|14\n|\n|t:|1762211155\n|detailschange|p2a: Drifblim-Hell|Drifblim-Hell-Mega, F\n|-mega|p2a: Drifblim-Hell|Drifblim-Hell|Drifblimite Hell\n|move|p1a: Kabuyeti-Climb|U-turn|p2a: Drifblim-Hell\n|-resisted|p2a: Drifblim-Hell\n|-damage|p2a: Drifblim-Hell|88/100\n|\n|t:|1762211162\n|switch|p1a: Lugaya|Lugaya, F, tera:Electric|56/100|[from] U-turn\n|move|p2a: Drifblim-Hell|Strength Sap|p1a: Lugaya\n|-unboost|p1a: Lugaya|atk|1\n|-heal|p2a: Drifblim-Hell|100/100\n|\n|upkeep\n|turn|15\n|\n|t:|1762211169\n|move|p1a: Lugaya|Roost|p1a: Lugaya\n|-heal|p1a: Lugaya|100/100\n|move|p2a: Drifblim-Hell|Infestation|p1a: Lugaya\n|-damage|p1a: Lugaya|99/100\n|-activate|p1a: Lugaya|move: Infestation|[of] p2a: Drifblim-Hell\n|\n|-damage|p1a: Lugaya|87/100|[from] move: Infestation|[partiallytrapped]\n|upkeep\n|turn|16\n|\n|t:|1762211174\n|move|p1a: Lugaya|Tera Blast|p2a: Drifblim-Hell|[anim] Tera Blast Electric\n|-supereffective|p2a: Drifblim-Hell\n|-damage|p2a: Drifblim-Hell|73/100\n|move|p2a: Drifblim-Hell|Toxic|p1a: Lugaya\n|-status|p1a: Lugaya|tox\n|\n|-damage|p1a: Lugaya|80/100 tox|[from] psn\n|-damage|p1a: Lugaya|68/100 tox|[from] move: Infestation|[partiallytrapped]\n|upkeep\n|turn|17\n|\n|t:|1762211189\n|move|p1a: Lugaya|Tera Blast|p2a: Drifblim-Hell|[anim] Tera Blast Electric\n|-supereffective|p2a: Drifblim-Hell\n|-damage|p2a: Drifblim-Hell|48/100\n|move|p2a: Drifblim-Hell|Ice Beam|p1a: Lugaya\n|-crit|p1a: Lugaya\n|-damage|p1a: Lugaya|46/100 tox\n|\n|-damage|p1a: Lugaya|34/100 tox|[from] psn\n|-damage|p1a: Lugaya|22/100 tox|[from] move: Infestation|[partiallytrapped]\n|upkeep\n|turn|18\n|\n|t:|1762211204\n|switch|p2a: Iron Saw|Iron Saw, F|44/100\n|move|p1a: Lugaya|Psycho Boost|p2a: Iron Saw\n|-resisted|p2a: Iron Saw\n|-damage|p2a: Iron Saw|23/100\n|-unboost|p1a: Lugaya|spa|2\n|\n|-damage|p1a: Lugaya|3/100 tox|[from] psn\n|-end|p1a: Lugaya|Infestation|[partiallytrapped]|[silent]\n|upkeep\n|turn|19\n|\n|t:|1762211216\n|move|p2a: Iron Saw|Wild Charge|p1a: Lugaya\n|-resisted|p1a: Lugaya\n|-damage|p1a: Lugaya|0 fnt\n|faint|p1a: Lugaya\n|-damage|p2a: Iron Saw|22/100|[from] Recoil\n|\n|upkeep\n|\n|t:|1762211220\n|switch|p1a: Kabuyeti-Climb|Kabuyeti-Climb, M|100/100\n|-ability|p1a: Kabuyeti-Climb|Mold Breaker\n|turn|20\n|\n|t:|1762211230\n|move|p2a: Iron Saw|Wild Charge|p1a: Kabuyeti-Climb\n|-damage|p1a: Kabuyeti-Climb|31/100\n|-damage|p2a: Iron Saw|6/100|[from] Recoil\n|move|p1a: Kabuyeti-Climb|Flare Blitz|p2a: Iron Saw\n|-supereffective|p2a: Iron Saw\n|-damage|p2a: Iron Saw|0 fnt\n|faint|p2a: Iron Saw\n|-end|p2a: Iron Saw|Quark Drive|[silent]\n|-damage|p1a: Kabuyeti-Climb|29/100|[from] Recoil\n|\n|upkeep\n|\n|t:|1762211243\n|switch|p2a: Terapagos|Terapagos, M|100/100\n|-activate|p2a: Terapagos|ability: Tera Shift\n|detailschange|p2a: Terapagos|Terapagos-Terastal, M\n|-heal|p2a: Terapagos|100/100|[silent]\n|turn|21\n|\n|t:|1762211247\n|switch|p1a: Corviknight|Corviknight, F|100/100\n|-ability|p1a: Corviknight|Pressure\n|move|p2a: Terapagos|Flamethrower|p1a: Corviknight\n|-supereffective|p1a: Corviknight\n|-damage|p1a: Corviknight|59/100\n|\n|-heal|p1a: Corviknight|65/100|[from] item: Leftovers\n|upkeep\n|turn|22\n|\n|t:|1762211252\n|move|p2a: Terapagos|Flamethrower|p1a: Corviknight\n|-supereffective|p1a: Corviknight\n|-damage|p1a: Corviknight|28/100\n|move|p1a: Corviknight|Body Press|p2a: Terapagos\n|-activate|p2a: Terapagos|ability: Tera Shell\n|-resisted|p2a: Terapagos\n|-damage|p2a: Terapagos|93/100\n|\n|-heal|p1a: Corviknight|34/100|[from] item: Leftovers\n|upkeep\n|turn|23\n|\n|t:|1762211257\n|move|p2a: Terapagos|Stealth Rock|p1a: Corviknight\n|-sidestart|p1: GooseFragger|move: Stealth Rock\n|move|p1a: Corviknight|Body Press|p2a: Terapagos\n|-supereffective|p2a: Terapagos\n|-damage|p2a: Terapagos|64/100\n|\n|-heal|p1a: Corviknight|41/100|[from] item: Leftovers\n|upkeep\n|turn|24\n|\n|t:|1762211262\n|move|p2a: Terapagos|Flamethrower|p1a: Corviknight\n|-supereffective|p1a: Corviknight\n|-damage|p1a: Corviknight|2/100\n|move|p1a: Corviknight|Body Press|p2a: Terapagos\n|-supereffective|p2a: Terapagos\n|-damage|p2a: Terapagos|35/100\n|\n|-heal|p1a: Corviknight|8/100|[from] item: Leftovers\n|upkeep\n|turn|25\n|\n|t:|1762211268\n|switch|p2a: Wild Wind|Wild Wind, M, tera:Poison|57/100\n|move|p1a: Corviknight|Roost|p1a: Corviknight\n|-heal|p1a: Corviknight|58/100\n|-singleturn|p1a: Corviknight|move: Roost\n|\n|-heal|p2a: Wild Wind|63/100|[from] item: Leftovers\n|-heal|p1a: Corviknight|65/100|[from] item: Leftovers\n|upkeep\n|turn|26\n|\n|t:|1762211280\n|move|p2a: Wild Wind|Wish|p2a: Wild Wind\n|move|p1a: Corviknight|U-turn|p2a: Wild Wind\n|-resisted|p2a: Wild Wind\n|-damage|p2a: Wild Wind|56/100\n|\n|t:|1762211283\n|switch|p1a: Kabuyeti-Climb|Kabuyeti-Climb, M|29/100|[from] U-turn\n|-damage|p1a: Kabuyeti-Climb|0 fnt|[from] Stealth Rock\n|faint|p1a: Kabuyeti-Climb\n|\n|-heal|p2a: Wild Wind|62/100|[from] item: Leftovers\n|upkeep\n|\n|t:|1762211285\n|switch|p1a: Corviknight|Corviknight, F|65/100\n|-damage|p1a: Corviknight|52/100|[from] Stealth Rock\n|-ability|p1a: Corviknight|Pressure\n|turn|27\n|\n|t:|1762211289\n|move|p2a: Wild Wind|Leech Seed|p1a: Corviknight\n|-start|p1a: Corviknight|move: Leech Seed\n|move|p1a: Corviknight|Drill Peck|p2a: Wild Wind\n|-damage|p2a: Wild Wind|39/100\n|\n|-heal|p2a: Wild Wind|89/100|[from] move: Wish|[wisher] Wild Wind\n|-heal|p2a: Wild Wind|95/100|[from] item: Leftovers\n|-heal|p1a: Corviknight|58/100|[from] item: Leftovers\n|-damage|p1a: Corviknight|46/100|[from] Leech Seed|[of] p2a: Wild Wind\n|-heal|p2a: Wild Wind|100/100|[silent]\n|upkeep\n|turn|28\n|\n|t:|1762211298\n|move|p2a: Wild Wind|Wish|p2a: Wild Wind\n|move|p1a: Corviknight|Drill Peck|p2a: Wild Wind\n|-damage|p2a: Wild Wind|79/100\n|\n|-heal|p2a: Wild Wind|85/100|[from] item: Leftovers\n|-heal|p1a: Corviknight|52/100|[from] item: Leftovers\n|-damage|p1a: Corviknight|40/100|[from] Leech Seed|[of] p2a: Wild Wind\n|-heal|p2a: Wild Wind|96/100|[silent]\n|upkeep\n|turn|29\n|\n|t:|1762211301\n|move|p2a: Wild Wind|U-turn|p1a: Corviknight\n|-resisted|p1a: Corviknight\n|-damage|p1a: Corviknight|37/100\n|\n|t:|1762211303\n|-end|p2a: Wild Wind|Protosynthesis|[silent]\n|switch|p2a: Drifblim-Hell|Drifblim-Hell-Mega, F|48/100|[from] U-turn\n|move|p1a: Corviknight|Body Press|p2a: Drifblim-Hell\n|-resisted|p2a: Drifblim-Hell\n|-damage|p2a: Drifblim-Hell|42/100\n|\n|-heal|p2a: Drifblim-Hell|93/100|[from] move: Wish|[wisher] Wild Wind\n|-heal|p1a: Corviknight|43/100|[from] item: Leftovers\n|-damage|p1a: Corviknight|31/100|[from] Leech Seed|[of] p2a: Drifblim-Hell\n|-heal|p2a: Drifblim-Hell|100/100|[silent]\n|upkeep\n|turn|30\n|\n|t:|1762211319\n|move|p1a: Corviknight|Drill Peck|p2a: Drifblim-Hell\n|-damage|p2a: Drifblim-Hell|82/100\n|move|p2a: Drifblim-Hell|Infestation|p1a: Corviknight\n|-resisted|p1a: Corviknight\n|-damage|p1a: Corviknight|30/100\n|-activate|p1a: Corviknight|move: Infestation|[of] p2a: Drifblim-Hell\n|\n|-heal|p1a: Corviknight|36/100|[from] item: Leftovers\n|-damage|p1a: Corviknight|24/100|[from] Leech Seed|[of] p2a: Drifblim-Hell\n|-heal|p2a: Drifblim-Hell|93/100|[silent]\n|-damage|p1a: Corviknight|11/100|[from] move: Infestation|[partiallytrapped]\n|upkeep\n|turn|31\n|c|☆GooseFragger|gg\n|\n|t:|1762211328\n|move|p1a: Corviknight|Drill Peck|p2a: Drifblim-Hell\n|-damage|p2a: Drifblim-Hell|76/100\n|move|p2a: Drifblim-Hell|Strength Sap|p1a: Corviknight\n|-unboost|p1a: Corviknight|atk|1\n|-heal|p2a: Drifblim-Hell|100/100\n|\n|-heal|p1a: Corviknight|17/100|[from] item: Leftovers\n|-damage|p1a: Corviknight|5/100|[from] Leech Seed|[of] p2a: Drifblim-Hell\n|-damage|p1a: Corviknight|0 fnt|[from] move: Infestation|[partiallytrapped]\n|faint|p1a: Corviknight\n|\n|win|The_Shawdoin\n|c|☆The_Shawdoin|gg\n","players":["GooseFragger","The_Shawdoin"],"format":"[Gen 9] NatDex Draft","rating":null,"private":0,"password":null,"inputlog":">version 829821e33b939af243d1b61e9da6597d16e9fff5\n>start {\"formatid\":\"gen9natdexdraft@@@Tera Type Preview\",\"seed\":\"sodium,96b22a00431962022de09a1a28b66569\"}\n>player p1 {\"name\":\"GooseFragger\",\"avatar\":\"101\",\"team\":\"Lugaya||HeavyDutyBoots|Multiscale|TeraBlast,Roost,PsychoBoost,Defog|Calm|248,,,8,252,|F||||,,,,,Electric]Gardevoir-Hell||Leftovers|PetrifyingGaze|Moonblast,EarthPower,NastyPlot,GigaDrain|Modest|252,,,252,4,|F|,0,,,,|||,,,,,Fairy]Tangrowth||RockyHelmet|Regenerator|Earthquake,GigaDrain,Synthesis,Toxic|Lax|252,4,252,,,|F||||,,,,,Grass]Kabuyeti-Climb||ChoiceBand|MoldBreaker|FlareBlitz,FirePunch,Uturn,IcicleCrash|Jolly|,252,,,4,252|M||||,,,,,Ice]Gloomhorn||Leftovers|Technician|MachPunch,SwordsDance,ShadowSneak,Uturn|Adamant|252,252,,,4,|M||||,,,,,Dark]Corviknight||Leftovers|Pressure|Uturn,Roost,DrillPeck,BodyPress|Careful|252,4,,,252,|F||||,,,,,Flying\",\"rating\":0}\n>player p2 {\"name\":\"The_Shawdoin\",\"avatar\":\"caitlin\",\"team\":\"Wild Wind||Leftovers|Protosynthesis|LeechSeed,DireClaw,Wish,Uturn|Careful|76,,,,252,180|M||||,,,,,Poison]Drifblim-Hell||DrifblimiteHell|WaterAbsorb|IceBeam,Toxic,Infestation,StrengthSap|Calm|4,,252,,252,|F|,0,,,,|||,,,,,Water]Zapdos||Leftovers|Pressure|Roost,Thunderbolt,Hurricane,Uturn|Timid|252,,,160,,96|N||||,,,,,Fairy]Iron Saw||ChoiceScarf|QuarkDrive|IronHead,WildCharge,PlayRough,Uturn|Jolly|120,252,,,,136|F||||,,,,,Electric]Terapagos||HeavyDutyBoots|TeraShift|StealthRock,Flamethrower,DazzlingGleam,RapidSpin|Modest|252,,,252,,|M||||,Dark,,,,Stellar]Gouging Fire||LifeOrb|Protosynthesis|MorningSun,Crunch,FlareBlitz,DragonDance|Jolly|8,252,,,,248|N||||,Fighting,,,,Fire\",\"rating\":0}\n>chat ☆The_Shawdoin|gl hf\n>chat ☆GooseFragger|good luck\n>p1 team 4, 2, 3, 1, 5, 6\n>p2 team 1, 2, 3, 4, 5, 6\n>p1 move iciclecrash\n>p2 move direclaw terastallize\n>p1 move iciclecrash\n>p2 switch 4\n>p1 switch 3\n>p2 move ironhead\n>p1 move toxic\n>p2 switch 4\n>p1 switch 6\n>p2 move uturn\n>p2 switch 6\n>p1 switch 4\n>p2 move dragondance\n>p1 move psychoboost\n>p2 move crunch\n>p1 move terablast terastallize\n>p2 move morningsun\n>p1 switch 2\n>p2 move dragondance\n>p1 move earthpower\n>p2 move flareblitz\n>p1 switch 5\n>p1 move swordsdance\n>p2 move flareblitz\n>p1 switch 6\n>p1 move earthquake\n>p2 move morningsun\n>p1 move earthquake\n>p2 move flareblitz\n>p1 switch 3\n>p2 switch 2\n>p1 move uturn\n>p2 move strengthsap mega\n>p1 switch 2\n>p1 move roost\n>p2 move infestation\n>p1 move terablast\n>p2 move toxic\n>p1 move terablast\n>p2 move icebeam\n>p1 move psychoboost\n>p2 switch 4\n>p1 move psychoboost\n>p2 move wildcharge\n>p1 switch 2\n>p1 move flareblitz\n>p2 move wildcharge\n>p2 switch 5\n>p1 switch 4\n>p2 move flamethrower\n>p1 move bodypress\n>p2 move flamethrower\n>p1 move bodypress\n>p2 move stealthrock\n>p1 move bodypress\n>p2 move flamethrower\n>p1 move roost\n>p2 switch 6\n>p1 move uturn\n>p2 move wish\n>p1 switch 4\n>p1 switch 4\n>p1 move drillpeck\n>p2 move leechseed\n>p1 move drillpeck\n>p2 move wish\n>p1 move bodypress\n>p2 move uturn\n>p2 switch 4\n>p1 move drillpeck\n>p2 move infestation\n>chat ☆GooseFragger|gg\n>p1 move drillpeck\n>p2 move strengthsap","uploadtime":1762211338}