{"id":"gen9natdexdraft-123","log":"|j|☆NottaDoc\n|j|☆chub hub\n|t:|1761408046\n|gametype|singles\n|player|p1|NottaDoc|101|\n|player|p2|chub hub|102|\n|gen|9\n|tier|[Gen 9] NatDex Draft\n|rule|Tera Type Preview: Tera Types are shown at Team Preview\n|rule|Sleep Clause Mod: Limit one foe put to sleep\n|rule|OHKO Clause: OHKO moves are banned\n|rule|Evasion Clause: Evasion abilities, items, and moves are banned\n|rule|Evasion Abilities Clause: Evasion abilities are banned\n|rule|Evasion Items Clause: Evasion items are banned\n|rule|Evasion Moves Clause: Evasion moves are banned\n|rule|Endless Battle Clause: Forcing endless battles is banned\n|rule|HP Percentage Mod: HP is shown in percentages\n|raw|<div class=\"infobox\"><details class=\"readmore\" open><summary><strong>1 custom rule:</strong></summary> Tera Type Preview</details></div>\n|clearpoke\n|poke|p1|Gyarados, M|\n|poke|p1|Landorus-Therian, M|\n|poke|p1|Greninja-*, M|\n|poke|p1|Ledigod, M|\n|poke|p1|Gholdengo|\n|poke|p1|Tapu Koko|\n|poke|p2|Mamoswine, F|\n|poke|p2|Drifblim-Hell, M|\n|poke|p2|Skeledirge, F|\n|poke|p2|Iron Saw, F|\n|poke|p2|Crossblue, M|\n|poke|p2|Scream Tail|\n|raw|NottaDoc's Tera Types:<br /><psicon pokemon=\"gyarados\" /><psicon type=\"Water\" /> / <psicon pokemon=\"landorustherian\" /><psicon type=\"Ground\" /> / <psicon pokemon=\"greninjabond\" /><psicon type=\"Water\" /> / <psicon pokemon=\"ledigod\" /><psicon type=\"Psychic\" /> / <psicon pokemon=\"gholdengo\" /><psicon type=\"Steel\" /> / <psicon pokemon=\"tapukoko\" /><psicon type=\"Electric\" />\n|raw|chub hub's Tera Types:<br /><psicon pokemon=\"mamoswine\" /><psicon type=\"Ice\" /> / <psicon pokemon=\"drifblimhell\" /><psicon type=\"Water\" /> / <psicon pokemon=\"skeledirge\" /><psicon type=\"Fairy\" /> / <psicon pokemon=\"ironsaw\" /><psicon type=\"Electric\" /> / <psicon pokemon=\"crossblue\" /><psicon type=\"Bug\" /> / <psicon pokemon=\"screamtail\" /><psicon type=\"Fairy\" />\n|teampreview\n|c|☆NottaDoc|glhf\n|c|☆chub hub|hf fam\n|\n|t:|1761408096\n|teamsize|p1|6\n|teamsize|p2|6\n|start\n|switch|p1a: Landorus|Landorus-Therian, M|100/100\n|switch|p2a: Mamoswine|Mamoswine, F, shiny|100/100\n|-ability|p1a: Landorus|Intimidate|boost\n|-fail|p2a: Mamoswine|unboost|Attack|[from] ability: Oblivious|[of] p2a: Mamoswine\n|turn|1\n|\n|t:|1761408132\n|switch|p1a: Gholdengo|Gholdengo|100/100\n|move|p2a: Mamoswine|Stealth Rock|p1a: Gholdengo\n|-sidestart|p1: NottaDoc|move: Stealth Rock\n|\n|upkeep\n|turn|2\n|\n|t:|1761408151\n|move|p1a: Gholdengo|Make It Rain|p2a: Mamoswine\n|-supereffective|p2a: Mamoswine\n|-enditem|p2a: Mamoswine|Focus Sash\n|-damage|p2a: Mamoswine|1/100\n|-unboost|p1a: Gholdengo|spa|1\n|move|p2a: Mamoswine|Earthquake|p1a: Gholdengo\n|-supereffective|p1a: Gholdengo\n|-damage|p1a: Gholdengo|0 fnt\n|faint|p1a: Gholdengo\n|\n|upkeep\n|\n|t:|1761408173\n|switch|p1a: Greninja|Greninja, M|100/100\n|-damage|p1a: Greninja|88/100|[from] Stealth Rock\n|turn|3\n|\n|t:|1761408204\n|switch|p2a: Drifblim-Hell|Drifblim-Hell, M|100/100\n|move|p1a: Greninja|Surf|p2a: Drifblim-Hell\n|-resisted|p2a: Drifblim-Hell\n|-damage|p2a: Drifblim-Hell|83/100\n|\n|upkeep\n|turn|4\n|\n|t:|1761408220\n|detailschange|p2a: Drifblim-Hell|Drifblim-Hell-Mega, M\n|-mega|p2a: Drifblim-Hell|Drifblim-Hell|Drifblimite Hell\n|move|p1a: Greninja|Extrasensory|p2a: Drifblim-Hell\n|-supereffective|p2a: Drifblim-Hell\n|-damage|p2a: Drifblim-Hell|47/100\n|move|p2a: Drifblim-Hell|Sludge Bomb|p1a: Greninja\n|-damage|p1a: Greninja|0 fnt\n|faint|p1a: Greninja\n|\n|upkeep\n|\n|t:|1761408231\n|switch|p1a: Gyarados|Gyarados, M|100/100\n|-damage|p1a: Gyarados|76/100|[from] Stealth Rock\n|-ability|p1a: Gyarados|Intimidate|boost\n|-unboost|p2a: Drifblim-Hell|atk|1\n|turn|5\n|\n|t:|1761408275\n|switch|p2a: Mamoswine|Mamoswine, F, shiny|1/100\n|detailschange|p1a: Gyarados|Gyarados-Mega-Y, M\n|-mega|p1a: Gyarados|Gyarados|Gyaradosite Y\n|move|p1a: Gyarados|Hydro Pump|p2a: Mamoswine\n|-supereffective|p2a: Mamoswine\n|-damage|p2a: Mamoswine|0 fnt\n|faint|p2a: Mamoswine\n|\n|upkeep\n|\n|t:|1761408353\n|switch|p2a: Skeledirge|Skeledirge, F, shiny|100/100\n|turn|6\n|\n|t:|1761408368\n|-terastallize|p2a: Skeledirge|Fairy\n|move|p1a: Gyarados|Zap Cannon|p2a: Skeledirge\n|-damage|p2a: Skeledirge|51/100\n|-status|p2a: Skeledirge|par\n|move|p2a: Skeledirge|Yawn|p1a: Gyarados\n|-start|p1a: Gyarados|move: Yawn|[of] p2a: Skeledirge\n|\n|upkeep\n|turn|7\n|j| The_Shawdoin\n|\n|t:|1761408420\n|switch|p1a: Tapu Koko|Tapu Koko|100/100\n|-damage|p1a: Tapu Koko|88/100|[from] Stealth Rock\n|move|p2a: Skeledirge|Slack Off|p2a: Skeledirge\n|-heal|p2a: Skeledirge|100/100 par\n|\n|upkeep\n|turn|8\n|\n|t:|1761408429\n|move|p1a: Tapu Koko|Nature's Madness|p2a: Skeledirge\n|-damage|p2a: Skeledirge|51/100 par\n|move|p2a: Skeledirge|Torch Song|p1a: Tapu Koko\n|-damage|p1a: Tapu Koko|43/100\n|-boost|p2a: Skeledirge|spa|1\n|\n|upkeep\n|turn|9\n|\n|t:|1761408443\n|move|p1a: Tapu Koko|Thunderbolt|p2a: Skeledirge\n|-damage|p2a: Skeledirge|7/100 par\n|move|p2a: Skeledirge|Slack Off|p2a: Skeledirge\n|-heal|p2a: Skeledirge|57/100 par\n|\n|upkeep\n|turn|10\n|\n|t:|1761408449\n|move|p1a: Tapu Koko|Thunderbolt|p2a: Skeledirge\n|-damage|p2a: Skeledirge|16/100 par\n|move|p2a: Skeledirge|Torch Song|p1a: Tapu Koko\n|-damage|p1a: Tapu Koko|0 fnt\n|-boost|p2a: Skeledirge|spa|1\n|faint|p1a: Tapu Koko\n|\n|upkeep\n|\n|t:|1761408463\n|switch|p1a: Gyarados|Gyarados-Mega-Y, M|76/100\n|-damage|p1a: Gyarados|63/100|[from] Stealth Rock\n|turn|11\n|\n|t:|1761408469\n|move|p1a: Gyarados|Zap Cannon|p2a: Skeledirge\n|-crit|p2a: Skeledirge\n|-damage|p2a: Skeledirge|0 fnt\n|faint|p2a: Skeledirge\n|\n|upkeep\n|\n|t:|1761408479\n|switch|p2a: Scream Tail|Scream Tail, shiny|100/100\n|turn|12\n|\n|t:|1761408503\n|move|p2a: Scream Tail|Dazzling Gleam|p1a: Gyarados\n|-supereffective|p1a: Gyarados\n|-damage|p1a: Gyarados|22/100\n|move|p1a: Gyarados|Zap Cannon|p2a: Scream Tail\n|-damage|p2a: Scream Tail|62/100\n|-status|p2a: Scream Tail|par\n|\n|upkeep\n|turn|13\n|\n|t:|1761408531\n|move|p1a: Gyarados|Hydro Pump|p2a: Scream Tail\n|-damage|p2a: Scream Tail|12/100 par\n|move|p2a: Scream Tail|Dazzling Gleam|p1a: Gyarados\n|-supereffective|p1a: Gyarados\n|-damage|p1a: Gyarados|0 fnt\n|faint|p1a: Gyarados\n|detailschange|p1: Gyarados|Gyarados, M|[silent]\n|\n|upkeep\n|\n|t:|1761408590\n|switch|p1a: Ledigod|Ledigod, M|100/100\n|-damage|p1a: Ledigod|88/100|[from] Stealth Rock\n|turn|14\n|\n|t:|1761408625\n|-terastallize|p1a: Ledigod|Psychic\n|move|p1a: Ledigod|Victory Dance|p1a: Ledigod\n|-boost|p1a: Ledigod|atk|1\n|-boost|p1a: Ledigod|def|1\n|-boost|p1a: Ledigod|spe|1\n|move|p2a: Scream Tail|Thunder Wave|p1a: Ledigod\n|-status|p1a: Ledigod|par\n|\n|upkeep\n|turn|15\n|\n|t:|1761408633\n|move|p2a: Scream Tail|Dazzling Gleam|p1a: Ledigod\n|-damage|p1a: Ledigod|63/100 par\n|move|p1a: Ledigod|Victory Dance|p1a: Ledigod\n|-boost|p1a: Ledigod|atk|1\n|-boost|p1a: Ledigod|def|1\n|-boost|p1a: Ledigod|spe|1\n|\n|upkeep\n|turn|16\n|\n|t:|1761408643\n|cant|p1a: Ledigod|par\n|move|p2a: Scream Tail|Dazzling Gleam|p1a: Ledigod\n|-damage|p1a: Ledigod|34/100 par\n|-enditem|p1a: Ledigod|Sitrus Berry|[eat]\n|-heal|p1a: Ledigod|59/100 par|[from] item: Sitrus Berry\n|\n|upkeep\n|turn|17\n|\n|t:|1761408649\n|move|p1a: Ledigod|Victory Dance|p1a: Ledigod\n|-boost|p1a: Ledigod|atk|1\n|-boost|p1a: Ledigod|def|1\n|-boost|p1a: Ledigod|spe|1\n|move|p2a: Scream Tail|Dazzling Gleam|p1a: Ledigod\n|-damage|p1a: Ledigod|33/100 par\n|\n|upkeep\n|turn|18\n|\n|t:|1761408663\n|move|p1a: Ledigod|Drain Punch|p2a: Scream Tail\n|-resisted|p2a: Scream Tail\n|-damage|p2a: Scream Tail|0 fnt\n|-heal|p1a: Ledigod|39/100 par|[from] drain|[of] p2a: Scream Tail\n|faint|p2a: Scream Tail\n|-end|p2a: Scream Tail|Protosynthesis|[silent]\n|\n|upkeep\n|\n|t:|1761408679\n|switch|p2a: Crossblue|Crossblue, M, shiny|100/100\n|turn|19\n|\n|t:|1761408688\n|move|p2a: Crossblue|U-turn|p1a: Ledigod\n|-supereffective|p1a: Ledigod\n|-damage|p1a: Ledigod|5/100 par\n|\n|t:|1761408694\n|switch|p2a: Iron Saw|Iron Saw, F, shiny|100/100|[from] U-turn\n|cant|p1a: Ledigod|par\n|\n|upkeep\n|turn|20\n|c|☆NottaDoc|yeah that full para on scream cooked me\n|\n|t:|1761408722\n|move|p2a: Iron Saw|U-turn|p1a: Ledigod\n|-supereffective|p1a: Ledigod\n|-damage|p1a: Ledigod|0 fnt\n|faint|p1a: Ledigod\n|c|☆NottaDoc|oh wait ngl im just bad\n|\n|t:|1761408747\n|-end|p2a: Iron Saw|Quark Drive|[silent]\n|switch|p2a: Drifblim-Hell|Drifblim-Hell-Mega, M|47/100|[from] U-turn\n|\n|upkeep\n|\n|t:|1761408754\n|switch|p1a: Landorus|Landorus-Therian, M|100/100\n|-damage|p1a: Landorus|88/100|[from] Stealth Rock\n|-ability|p1a: Landorus|Intimidate|boost\n|-unboost|p2a: Drifblim-Hell|atk|1\n|turn|21\n|\n|t:|1761408762\n|move|p1a: Landorus|Knock Off|p2a: Drifblim-Hell\n|-damage|p2a: Drifblim-Hell|29/100\n|move|p2a: Drifblim-Hell|Strength Sap|p1a: Landorus\n|-unboost|p1a: Landorus|atk|1\n|-heal|p2a: Drifblim-Hell|100/100\n|\n|upkeep\n|turn|22\n|\n|t:|1761408770\n|move|p1a: Landorus|Knock Off|p2a: Drifblim-Hell\n|-damage|p2a: Drifblim-Hell|88/100\n|move|p2a: Drifblim-Hell|Scald|p1a: Landorus\n|-supereffective|p1a: Landorus\n|-damage|p1a: Landorus|0 fnt\n|faint|p1a: Landorus\n|\n|win|chub hub\n|l|☆NottaDoc\n|player|p1|\n|c|☆chub hub|gg\n|c|☆chub hub|sorry for hax\n","players":["NottaDoc","chub hub"],"format":"[Gen 9] NatDex Draft","rating":null,"private":0,"password":null,"inputlog":">version f5040886e674df30a81d8aa6703a640b23e7a073\n>start {\"formatid\":\"gen9natdexdraft@@@Tera Type Preview\",\"seed\":\"sodium,aa3168d7aa164b4ed29359e76673925d\"}\n>player p1 {\"name\":\"NottaDoc\",\"avatar\":\"101\",\"team\":\"Gyarados||GyaradositeY|Intimidate|ZapCannon,Blizzard,FireBlast,HydroPump|Modest|252,,4,252,,|M|,0,,,,|||,,,,,Water]Landorus|LandorusTherian|RockyHelmet|Intimidate|Earthquake,KnockOff,StealthRock,Uturn|Impish|252,4,252,,,|M||||,,,,,Ground]Greninja|GreninjaBond|ExpertBelt|BattleBond|WaterShuriken,Extrasensory,Surf,ToxicSpikes|Timid|,,,252,4,252|M||||,Ghost,,,,Water]Ledigod||SitrusBerry|IronFist|DrainPunch,Acrobatics,Roost,VictoryDance|Impish|252,,252,,,4|M||||,,,,,Psychic]Gholdengo||ChoiceScarf|GoodasGold|MakeItRain,ShadowBall,FocusBlast,Memento|Timid|68,,,252,,188|N|,0,,,,|||,,,,,Steel]Tapu Koko||LightClay|Telepathy|NaturesMadness,Thunderbolt,Reflect,HiddenPowerGround|Timid|48,,,252,,208|N|,0,,,,|||,Ground,,,,Electric\",\"rating\":0}\n>player p2 {\"name\":\"chub hub\",\"avatar\":\"102\",\"team\":\"Mamoswine||FocusSash|Oblivious|Earthquake,IceShard,IcicleCrash,StealthRock|Adamant|248,252,,,8,|F||S||,,,,,Ice]Drifblim-Hell||DrifblimiteHell|PoisonPoint|SludgeBomb,Scald,StrengthSap,AcidArmor|Modest|,,4,252,252,|M|,0,,,,|||,,,,,Water]Skeledirge||HeavyDutyBoots|Unaware|TorchSong,TeraBlast,SlackOff,Yawn|Bold|248,,252,8,,|F||S||,,,,,Fairy]Iron Saw||HeavyDutyBoots|QuarkDrive|CloseCombat,Uturn,WildCharge,RapidSpin|Jolly|64,252,,,,192|F||S||,,,,,Electric]Crossblue||ChoiceScarf|Moxie|Uturn,CloseCombat,Earthquake,IcePunch|Jolly|40,252,16,,16,184|M||S||,,,,,Bug]Scream Tail||BabiriBerry|Protosynthesis|IceBeam,ThunderWave,DazzlingGleam,Flamethrower|Timid|,,24,252,16,216|N|,0,,,,|S||,,,,,Fairy\",\"rating\":0}\n>chat ☆NottaDoc|glhf\n>chat ☆chub hub|hf fam\n>p1 team 2, 1, 3, 4, 5, 6\n>p2 team 1, 2, 3, 4, 5, 6\n>p1 switch 5\n>p2 move stealthrock\n>p1 move makeitrain\n>p2 move earthquake\n>p1 switch 3\n>p1 move surf\n>p2 switch 2\n>p1 move extrasensory\n>p2 move sludgebomb mega\n>p1 switch 2\n>p1 move hydropump mega\n>p2 switch 2\n>p2 switch 3\n>p1 move zapcannon\n>p2 move yawn terastallize\n>p1 switch 6\n>p2 move slackoff\n>p1 move naturesmadness\n>p2 move torchsong\n>p1 move thunderbolt\n>p2 move slackoff\n>p1 move thunderbolt\n>p2 move torchsong\n>p1 switch 6\n>p1 move zapcannon\n>p2 move terablast\n>p2 switch 6\n>p1 move zapcannon\n>p2 move dazzlinggleam\n>p1 move hydropump\n>p2 move dazzlinggleam\n>p1 switch 4\n>p1 move victorydance terastallize\n>p2 move thunderwave\n>p1 move victorydance\n>p2 move dazzlinggleam\n>p1 move victorydance\n>p2 move dazzlinggleam\n>p1 move victorydance\n>p2 move dazzlinggleam\n>p1 move drainpunch\n>p2 move dazzlinggleam\n>p2 switch 5\n>p1 move acrobatics\n>p2 move uturn\n>p2 switch 4\n>chat ☆NottaDoc|yeah that full para on scream cooked me\n>p1 move roost\n>p2 move uturn\n>chat ☆NottaDoc|oh wait ngl im just bad\n>p2 switch 2\n>p1 switch 5\n>p1 move knockoff\n>p2 move strengthsap\n>p1 move knockoff\n>p2 move scald","uploadtime":1761408784}