{"id":"gen9natdexdraft-225","log":"|j|☆SadieDraft\n|j|☆orectolobiformes\n|t:|1766418403\n|gametype|singles\n|player|p1|SadieDraft|265|\n|player|p2|orectolobiformes|pokemaniac|\n|gen|9\n|tier|[Gen 9] NatDex Draft\n|rule|Sleep Clause Mod: Limit one foe put to sleep\n|rule|OHKO Clause: OHKO moves are banned\n|rule|Evasion Clause: Evasion abilities, items, and moves are banned\n|rule|Evasion Abilities Clause: Evasion abilities are banned\n|rule|Evasion Items Clause: Evasion items are banned\n|rule|Evasion Moves Clause: Evasion moves are banned\n|rule|Endless Battle Clause: Forcing endless battles is banned\n|rule|HP Percentage Mod: HP is shown in percentages\n|clearpoke\n|poke|p1|Sawk, M|\n|poke|p1|Darmanitan-Galar, M|\n|poke|p1|Starmie|\n|poke|p1|Tapu Bulu|\n|poke|p1|Zeraora|\n|poke|p1|Darkrai|\n|poke|p2|Bronzong|\n|poke|p2|Excadrill, M|\n|poke|p2|Iron Moth|\n|poke|p2|Falinks|\n|poke|p2|Walrein, F|\n|poke|p2|Hydreigon, F|\n|teampreview\n|c|☆SadieDraft|gl and hf\n|c|☆orectolobiformes|gl gl\n|\n|t:|1766418489\n|teamsize|p1|6\n|teamsize|p2|6\n|start\n|switch|p1a: Smiles|Darmanitan-Galar, M, shiny|100/100\n|switch|p2a: wungus|Walrein, F, shiny|100/100\n|turn|1\n|\n|t:|1766418528\n|move|p1a: Smiles|U-turn|p2a: wungus\n|-damage|p2a: wungus|67/100\n|\n|t:|1766418563\n|switch|p1a: Dobby|Sawk, M, shiny|100/100|[from] U-turn\n|move|p2a: wungus|Super Fang|p1a: Dobby\n|-damage|p1a: Dobby|51/100\n|\n|upkeep\n|turn|2\n|\n|t:|1766418576\n|move|p1a: Dobby|Knock Off|p2a: wungus\n|-damage|p2a: wungus|39/100\n|-enditem|p2a: wungus|Custap Berry|[from] move: Knock Off|[of] p1a: Dobby\n|move|p2a: wungus|Toxic|p1a: Dobby\n|-status|p1a: Dobby|tox\n|\n|-damage|p1a: Dobby|44/100 tox|[from] psn\n|upkeep\n|turn|3\n|\n|t:|1766418587\n|move|p1a: Dobby|Close Combat|p2a: wungus\n|-supereffective|p2a: wungus\n|-damage|p2a: wungus|0 fnt\n|-unboost|p1a: Dobby|def|1\n|-unboost|p1a: Dobby|spd|1\n|faint|p2a: wungus\n|\n|-damage|p1a: Dobby|32/100 tox|[from] psn\n|upkeep\n|\n|t:|1766418619\n|switch|p2a: Mothrom X|Iron Moth|100/100\n|turn|4\n|\n|t:|1766418659\n|move|p2a: Mothrom X|Sludge Wave|p1a: Dobby\n|-damage|p1a: Dobby|0 fnt\n|faint|p1a: Dobby\n|\n|upkeep\n|\n|t:|1766418729\n|switch|p1a: Lib|Starmie|100/100\n|turn|5\n|\n|t:|1766418734\n|-end|p2a: Mothrom X|Quark Drive|[silent]\n|switch|p2a: Como te llamas|Hydreigon, F|100/100\n|detailschange|p1a: Lib|Starmie-Mega-ZA\n|-mega|p1a: Lib|Starmie|StarminiteZA\n|move|p1a: Lib|Flip Turn|p2a: Como te llamas\n|-resisted|p2a: Como te llamas\n|-damage|p2a: Como te llamas|93/100\n|\n|t:|1766418749\n|switch|p1a: Bonk|Zeraora|100/100|[from] Flip Turn\n|\n|upkeep\n|turn|6\n|\n|t:|1766418811\n|switch|p1a: Bapu Tulu|Tapu Bulu, shiny|100/100\n|-fieldstart|move: Grassy Terrain|[from] ability: Grassy Surge|[of] p1a: Bapu Tulu\n|move|p2a: Como te llamas|U-turn|p1a: Bapu Tulu\n|-damage|p1a: Bapu Tulu|87/100\n|\n|t:|1766418818\n|switch|p2a: Mothrom X|Iron Moth|100/100|[from] U-turn\n|\n|-heal|p1a: Bapu Tulu|93/100|[from] Grassy Terrain\n|upkeep\n|turn|7\n|\n|t:|1766418884\n|switch|p1a: Bonk|Zeraora|100/100\n|move|p2a: Mothrom X|Agility|p2a: Mothrom X\n|-boost|p2a: Mothrom X|spe|2\n|\n|upkeep\n|turn|8\n|\n|t:|1766418891\n|move|p2a: Mothrom X|Meteor Beam||[still]\n|-prepare|p2a: Mothrom X|Meteor Beam\n|-boost|p2a: Mothrom X|spa|1\n|-enditem|p2a: Mothrom X|Power Herb\n|-anim|p2a: Mothrom X|Meteor Beam|p1a: Bonk\n|-damage|p1a: Bonk|21/100\n|move|p1a: Bonk|Plasma Fists|p2a: Mothrom X\n|-damage|p2a: Mothrom X|25/100\n|-fieldactivate|move: Ion Deluge\n|-hint|Normal-type moves become Electric-type after using Plasma Fists.\n|\n|-heal|p2a: Mothrom X|31/100|[from] Grassy Terrain\n|-heal|p1a: Bonk|27/100|[from] Grassy Terrain\n|upkeep\n|turn|9\n|\n|t:|1766418958\n|move|p2a: Mothrom X|Flamethrower|p1a: Bonk\n|-damage|p1a: Bonk|0 fnt\n|faint|p1a: Bonk\n|\n|-heal|p2a: Mothrom X|37/100|[from] Grassy Terrain\n|upkeep\n|\n|t:|1766418961\n|switch|p1a: Lib|Starmie-Mega-ZA|100/100\n|turn|10\n|\n|t:|1766418975\n|move|p2a: Mothrom X|Sludge Wave|p1a: Lib\n|-damage|p1a: Lib|21/100\n|move|p1a: Lib|Psych Up|p2a: Mothrom X\n|-copyboost|p1a: Lib|p2a: Mothrom X|[from] move: Psych Up\n|\n|-heal|p1a: Lib|28/100|[from] Grassy Terrain\n|-heal|p2a: Mothrom X|43/100|[from] Grassy Terrain\n|-fieldend|move: Grassy Terrain\n|upkeep\n|turn|11\n|\n|t:|1766418982\n|-end|p2a: Mothrom X|Quark Drive|[silent]\n|switch|p2a: Como te llamas|Hydreigon, F|93/100\n|move|p1a: Lib|Hydro Pump|p2a: Como te llamas\n|-resisted|p2a: Como te llamas\n|-damage|p2a: Como te llamas|56/100\n|\n|upkeep\n|turn|12\n|\n|t:|1766419033\n|move|p1a: Lib|Flip Turn|p2a: Como te llamas\n|-resisted|p2a: Como te llamas\n|-damage|p2a: Como te llamas|47/100\n|\n|t:|1766419041\n|switch|p1a: Bapu Tulu|Tapu Bulu, shiny|93/100|[from] Flip Turn\n|-fieldstart|move: Grassy Terrain|[from] ability: Grassy Surge|[of] p1a: Bapu Tulu\n|move|p2a: Como te llamas|U-turn|p1a: Bapu Tulu\n|-damage|p1a: Bapu Tulu|80/100\n|\n|t:|1766419048\n|switch|p2a: Mothrom X|Iron Moth|43/100|[from] U-turn\n|\n|-heal|p2a: Mothrom X|49/100|[from] Grassy Terrain\n|-heal|p1a: Bapu Tulu|86/100|[from] Grassy Terrain\n|upkeep\n|turn|13\n|\n|t:|1766419107\n|move|p2a: Mothrom X|Sludge Wave|p1a: Bapu Tulu\n|-supereffective|p1a: Bapu Tulu\n|-damage|p1a: Bapu Tulu|0 fnt\n|faint|p1a: Bapu Tulu\n|\n|-heal|p2a: Mothrom X|55/100|[from] Grassy Terrain\n|upkeep\n|\n|t:|1766419116\n|switch|p1a: Smiles|Darmanitan-Galar, M, shiny|100/100\n|turn|14\n|\n|t:|1766419143\n|-end|p2a: Mothrom X|Quark Drive|[silent]\n|switch|p2a: DINGDINGDING|Bronzong|100/100\n|move|p1a: Smiles|Flare Blitz|p2a: DINGDINGDING\n|-supereffective|p2a: DINGDINGDING\n|-damage|p2a: DINGDINGDING|60/100\n|-damage|p1a: Smiles|88/100|[from] Recoil\n|\n|-heal|p1a: Smiles|94/100|[from] Grassy Terrain\n|-heal|p2a: DINGDINGDING|66/100|[from] Grassy Terrain\n|upkeep\n|turn|15\n|\n|t:|1766419188\n|switch|p1a: Okarun|Darkrai|100/100\n|move|p2a: DINGDINGDING|Stealth Rock|p1a: Okarun\n|-sidestart|p1: SadieDraft|move: Stealth Rock\n|\n|-heal|p2a: DINGDINGDING|73/100|[from] Grassy Terrain\n|upkeep\n|turn|16\n|\n|t:|1766419231\n|move|p1a: Okarun|Dark Void|p2a: DINGDINGDING|[miss]\n|-miss|p1a: Okarun|p2a: DINGDINGDING\n|-enditem|p1a: Okarun|Blunder Policy\n|-boost|p1a: Okarun|spe|2\n|move|p2a: DINGDINGDING|Body Press|p1a: Okarun\n|-supereffective|p1a: Okarun\n|-damage|p1a: Okarun|35/100\n|\n|-heal|p1a: Okarun|41/100|[from] Grassy Terrain\n|-heal|p2a: DINGDINGDING|79/100|[from] Grassy Terrain\n|-fieldend|move: Grassy Terrain\n|upkeep\n|turn|17\n|\n|t:|1766419238\n|move|p1a: Okarun|Ice Beam|p2a: DINGDINGDING\n|-resisted|p2a: DINGDINGDING\n|-damage|p2a: DINGDINGDING|67/100\n|move|p2a: DINGDINGDING|Body Press|p1a: Okarun\n|-supereffective|p1a: Okarun\n|-crit|p1a: Okarun\n|-damage|p1a: Okarun|0 fnt\n|faint|p1a: Okarun\n|\n|upkeep\n|\n|t:|1766419243\n|switch|p1a: Smiles|Darmanitan-Galar, M, shiny|94/100\n|-damage|p1a: Smiles|69/100|[from] Stealth Rock\n|turn|18\n|c|☆orectolobiformes|thats a sick tech\n|\n|t:|1766419252\n|move|p1a: Smiles|U-turn|p2a: DINGDINGDING\n|-damage|p2a: DINGDINGDING|40/100\n|\n|t:|1766419254\n|switch|p1a: Lib|Starmie-Mega-ZA|28/100|[from] U-turn\n|-damage|p1a: Lib|15/100|[from] Stealth Rock\n|move|p2a: DINGDINGDING|Body Press|p1a: Lib\n|-resisted|p1a: Lib\n|-damage|p1a: Lib|0 fnt\n|faint|p1a: Lib\n|detailschange|p1: Lib|Starmie|[silent]\n|\n|upkeep\n|\n|t:|1766419255\n|switch|p1a: Smiles|Darmanitan-Galar, M, shiny|69/100\n|-damage|p1a: Smiles|44/100|[from] Stealth Rock\n|turn|19\n|\n|t:|1766419295\n|move|p1a: Smiles|Flare Blitz|p2a: DINGDINGDING\n|-supereffective|p2a: DINGDINGDING\n|-damage|p2a: DINGDINGDING|0 fnt\n|faint|p2a: DINGDINGDING\n|-damage|p1a: Smiles|32/100|[from] Recoil\n|\n|upkeep\n|\n|t:|1766419304\n|switch|p2a: Barbatos-Lupus|Falinks|100/100\n|turn|20\n|\n|t:|1766419311\n|detailschange|p2a: Barbatos-Lupus|Falinks-Mega-ZA\n|-mega|p2a: Barbatos-Lupus|Falinks|FalinksiteZA\n|move|p1a: Smiles|Flare Blitz|p2a: Barbatos-Lupus\n|-damage|p2a: Barbatos-Lupus|50/100\n|-damage|p1a: Smiles|19/100|[from] Recoil\n|move|p2a: Barbatos-Lupus|Iron Defense|p2a: Barbatos-Lupus\n|-boost|p2a: Barbatos-Lupus|def|2\n|\n|upkeep\n|turn|21\n|c|☆orectolobiformes|ggs\n|c|☆orectolobiformes|wp\n|\n|t:|1766419317\n|move|p1a: Smiles|Flare Blitz|p2a: Barbatos-Lupus\n|-crit|p2a: Barbatos-Lupus\n|-damage|p2a: Barbatos-Lupus|0 fnt\n|faint|p2a: Barbatos-Lupus\n|detailschange|p2: Barbatos-Lupus|Falinks|[silent]\n|-damage|p1a: Smiles|6/100|[from] Recoil\n|\n|upkeep\n|\n|t:|1766419321\n|switch|p2a: Boretholemew|Excadrill, M|100/100\n|-ability|p2a: Boretholemew|Mold Breaker\n|turn|22\n|\n|t:|1766419325\n|move|p1a: Smiles|Flare Blitz|p2a: Boretholemew\n|-supereffective|p2a: Boretholemew\n|-damage|p2a: Boretholemew|0 fnt\n|faint|p2a: Boretholemew\n|-damage|p1a: Smiles|0 fnt|[from] Recoil\n|faint|p1a: Smiles\n|\n|win|orectolobiformes\n|c|☆SadieDraft|gg\n|c|☆SadieDraft|I missed bronzong on my prep doc so i didn't have dark pulse on darkrai\n","players":["SadieDraft","orectolobiformes"],"format":"[Gen 9] NatDex Draft","rating":null,"private":0,"password":null,"inputlog":">version 0d0a8c252a1f8ab806681f673fdafaf34a87df55\n>start {\"formatid\":\"gen9natdexdraft\",\"seed\":\"sodium,93715cfa12b39a8e360a8ec76105c883\"}\n>player p1 {\"name\":\"SadieDraft\",\"avatar\":\"265\",\"team\":\"Dobby|Sawk|CustapBerry|Sturdy|Reversal,IcePunch,KnockOff,CloseCombat|Jolly|,252,,,4,252|M||S||,,,,,Fighting]Smiles|DarmanitanGalar|ChoiceScarf|GorillaTactics|Earthquake,FlareBlitz,IcicleCrash,Uturn|Jolly|,252,,,4,252|M||S||,,,,,Ice]Lib|Starmie|StarminiteZA|Illuminate|FlipTurn,HydroPump,Toxic,PsychUp|Timid|252,,,4,,252|N||||,,,,,Water]Bapu Tulu|TapuBulu|BlunderPolicy|GrassySurge|HornLeech,SwordsDance,Megahorn,DazzlingGleam|Brave|248,252,,8,,|N||S||,,,,,Grass]Bonk|Zeraora|ShucaBerry|VoltAbsorb|DrainPunch,BulkUp,PlasmaFists,KnockOff||,252,,,,252|N||||,,,,,Electric]Okarun|Darkrai|BlunderPolicy|BadDreams|NastyPlot,SludgeBomb,IceBeam,DarkVoid|Timid|216,,,,252,40|N|,0,,,,|||,,,,,Dark\",\"rating\":0}\n>player p2 {\"name\":\"orectolobiformes\",\"avatar\":\"pokemaniac\",\"team\":\"DINGDINGDING|Bronzong|ColburBerry|Heatproof|PsychicNoise,BodyPress,FlashCannon,StealthRock|Bold|252,,252,,4,|N|,0,,,,|||,,,,,Steel]Boretholemew|Excadrill|ChoiceScarf|MoldBreaker|HighHorsepower,IronHead,RockSlide,RapidSpin|Jolly|,252,56,,,200|M||||,,,,,Ground]Mothrom X|IronMoth|PowerHerb|QuarkDrive|Agility,MeteorBeam,Flamethrower,SludgeWave|Timid|,,4,252,,252|N|,0,,,,|||,,,,,Fire]Barbatos-Lupus|Falinks|FalinksiteZA|BattleArmor|IronDefense,NoRetreat,KnockOff,BodyPress|Impish|,24,252,,,232|N||||,,,,,Fighting]wungus|Walrein|CustapBerry|ThickFat|Endure,SuperFang,Toxic,IceBeam|Calm|252,,4,,252,|F|,0,,,,|S||,,,,,Ice]Como te llamas|Hydreigon|RoseliBerry|Levitate|DarkPulse,Uturn,Roost,Defog|Bold|252,,252,,4,|F||||,,,,,Dark\",\"rating\":0}\n>chat ☆SadieDraft|gl and hf\n>chat ☆orectolobiformes|gl gl\n>p1 team 2, 1, 3, 4, 5, 6\n>p2 team 5, 2, 3, 4, 1, 6\n>p1 move uturn\n>p2 move superfang\n>p1 switch 2\n>p1 move knockoff\n>p2 move toxic\n>p1 move closecombat\n>p2 move icebeam\n>p2 switch 3\n>p1 move knockoff\n>p2 move sludgewave\n>p1 switch 3\n>p1 move flipturn mega\n>p2 switch 6\n>p1 switch 5\n>p1 switch 4\n>p2 move uturn\n>p2 switch 6\n>p1 switch 4\n>p2 move agility\n>p1 move plasmafists\n>p2 move meteorbeam\n>p1 move plasmafists\n>p2 move flamethrower\n>p1 switch 5\n>p1 move psychup\n>p2 move sludgewave\n>p1 move hydropump\n>p2 switch 6\n>p1 move flipturn\n>p2 move uturn\n>p1 switch 4\n>p2 switch 6\n>p1 move hornleech\n>p2 move sludgewave\n>p1 switch 2\n>p1 move flareblitz\n>p2 switch 5\n>p1 switch 6\n>p2 move stealthrock\n>p1 move darkvoid\n>p2 move bodypress\n>p1 move icebeam\n>p2 move bodypress\n>p1 switch 6\n>chat ☆orectolobiformes|thats a sick tech\n>p1 move uturn\n>p2 move bodypress\n>p1 switch 4\n>p1 switch 4\n>p1 move flareblitz\n>p2 move bodypress\n>p2 switch 4\n>p1 move flareblitz\n>p2 move irondefense mega\n>chat ☆orectolobiformes|ggs\n>chat ☆orectolobiformes|wp\n>p1 move flareblitz\n>p2 move bodypress\n>p2 switch 2\n>p1 move flareblitz\n>p2 move ironhead","uploadtime":1766419352}