{"id":"gen9natdexdraft-48","log":"|j|☆NottaDoc\n|j|☆Kjflame013\n|t:|1759606739\n|gametype|singles\n|player|p1|NottaDoc|170|\n|player|p2|Kjflame013|1|\n|gen|9\n|tier|[Gen 9] NatDex Draft\n|rule|Tera Type Preview: Tera Types are shown at Team Preview\n|rule|Sleep Clause Mod: Limit one foe put to sleep\n|rule|OHKO Clause: OHKO moves are banned\n|rule|Evasion Clause: Evasion abilities, items, and moves are banned\n|rule|Evasion Abilities Clause: Evasion abilities are banned\n|rule|Evasion Items Clause: Evasion items are banned\n|rule|Evasion Moves Clause: Evasion moves are banned\n|rule|Endless Battle Clause: Forcing endless battles is banned\n|rule|HP Percentage Mod: HP is shown in percentages\n|raw|<div class=\"infobox\"><details class=\"readmore\" open><summary><strong>1 custom rule:</strong></summary> Tera Type Preview</details></div>\n|clearpoke\n|poke|p1|Typhlosion-Prime, F|\n|poke|p1|Vileplume-Prime, M|\n|poke|p1|Zeraora|\n|poke|p1|Landorus-Therian, M|\n|poke|p1|Mandibuzz, F|\n|poke|p1|Gholdengo|\n|poke|p2|Jolteon-Prime, F|\n|poke|p2|Corviknight-Prime, F|\n|poke|p2|Venusaur, F|\n|poke|p2|Arcanine, M|\n|poke|p2|Avalugg, M|\n|poke|p2|Urshifu-*, F|\n|raw|NottaDoc's Tera Types:<br /><psicon pokemon=\"typhlosionprime\" /><psicon type=\"Fire\" /> / <psicon pokemon=\"vileplumeprime\" /><psicon type=\"Grass\" /> / <psicon pokemon=\"zeraora\" /><psicon type=\"Ghost\" /> / <psicon pokemon=\"landorustherian\" /><psicon type=\"Ground\" /> / <psicon pokemon=\"mandibuzz\" /><psicon type=\"Dark\" /> / <psicon pokemon=\"gholdengo\" /><psicon type=\"Steel\" />\n|raw|Kjflame013's Tera Types:<br /><psicon pokemon=\"jolteonprime\" /><psicon type=\"Electric\" /> / <psicon pokemon=\"corviknightprime\" /><psicon type=\"Flying\" /> / <psicon pokemon=\"venusaur\" /><psicon type=\"Grass\" /> / <psicon pokemon=\"arcanine\" /><psicon type=\"Fire\" /> / <psicon pokemon=\"avalugg\" /><psicon type=\"Ice\" /> / <psicon pokemon=\"urshifu\" /><psicon type=\"Dark\" />\n|teampreview\n|c|☆NottaDoc|glhf\n|l|☆Kjflame013\n|player|p2|\n|j|☆Kjflame013\n|player|p2|Kjflame013|1|\n|c|☆Kjflame013|Same to u\n|j|~SparksTheNeo\n|\n|t:|1759606818\n|teamsize|p1|6\n|teamsize|p2|6\n|start\n|switch|p1a: Zeraora|Zeraora|100/100\n|switch|p2a: Urshifu|Urshifu, F|100/100\n|turn|1\n|\n|t:|1759606856\n|switch|p1a: Vileplume-Prime|Vileplume-Prime, M|100/100\n|switch|p2a: Venusaur|Venusaur, F|100/100\n|\n|upkeep\n|turn|2\n|\n|t:|1759606871\n|detailschange|p2a: Venusaur|Venusaur-Mega, F\n|-mega|p2a: Venusaur|Venusaur|Venusaurite\n|move|p2a: Venusaur|Growth|p2a: Venusaur\n|-boost|p2a: Venusaur|atk|1\n|-boost|p2a: Venusaur|spa|1\n|move|p1a: Vileplume-Prime|Sludge Bomb|p2a: Venusaur\n|-damage|p2a: Venusaur|67/100\n|\n|upkeep\n|turn|3\n|\n|t:|1759606895\n|switch|p1a: Typhlosion-Prime|Typhlosion-Prime, F|100/100\n|-weather|SunnyDay|[from] ability: Drought|[of] p1a: Typhlosion-Prime\n|move|p2a: Venusaur|Sludge Bomb|p1a: Typhlosion-Prime\n|-damage|p1a: Typhlosion-Prime|48/100\n|\n|-weather|SunnyDay|[upkeep]\n|upkeep\n|turn|4\n|\n|t:|1759606901\n|switch|p2a: Arcanine|Arcanine, M|100/100\n|move|p1a: Typhlosion-Prime|Fiery Dance|p2a: Arcanine\n|-start|p2a: Arcanine|ability: Flash Fire\n|\n|-weather|SunnyDay|[upkeep]\n|upkeep\n|turn|5\n|\n|t:|1759606933\n|switch|p1a: Landorus|Landorus-Therian, M|100/100\n|-ability|p1a: Landorus|Intimidate|boost\n|-unboost|p2a: Arcanine|atk|1\n|move|p2a: Arcanine|Flamethrower|p1a: Landorus\n|-damage|p1a: Landorus|0 fnt\n|faint|p1a: Landorus\n|\n|-weather|SunnyDay|[upkeep]\n|upkeep\n|\n|t:|1759606958\n|switch|p1a: Typhlosion-Prime|Typhlosion-Prime, F|48/100\n|turn|6\n|\n|t:|1759606980\n|-end|p2a: Arcanine|ability: Flash Fire|[silent]\n|switch|p2a: Corviknight-Prime|Corviknight-Prime, F|100/100\n|move|p1a: Typhlosion-Prime|Earth Power|p2a: Corviknight-Prime\n|-immune|p2a: Corviknight-Prime\n|\n|-weather|SunnyDay|[upkeep]\n|upkeep\n|turn|7\n|\n|t:|1759606988\n|switch|p1a: Mandibuzz|Mandibuzz, F|100/100\n|switch|p2a: Arcanine|Arcanine, M|100/100\n|\n|-weather|none\n|upkeep\n|turn|8\n|\n|t:|1759606994\n|move|p2a: Arcanine|Toxic|p1a: Mandibuzz\n|-status|p1a: Mandibuzz|tox\n|move|p1a: Mandibuzz|Toxic|p2a: Arcanine\n|-status|p2a: Arcanine|tox\n|\n|-damage|p2a: Arcanine|94/100 tox|[from] psn\n|-damage|p1a: Mandibuzz|94/100 tox|[from] psn\n|upkeep\n|turn|9\n|\n|t:|1759607001\n|switch|p2a: Jolteon-Prime|Jolteon-Prime, F|100/100\n|move|p1a: Mandibuzz|U-turn|p2a: Jolteon-Prime\n|-damage|p2a: Jolteon-Prime|88/100\n|\n|t:|1759607064\n|switch|p1a: Zeraora|Zeraora|100/100|[from] U-turn\n|\n|-status|p2a: Jolteon-Prime|brn|[from] item: Flame Orb\n|upkeep\n|turn|10\n|\n|t:|1759607128\n|switch|p2a: Corviknight-Prime|Corviknight-Prime, F|100/100\n|move|p1a: Zeraora|Bulk Up|p1a: Zeraora\n|-boost|p1a: Zeraora|atk|1\n|-boost|p1a: Zeraora|def|1\n|\n|upkeep\n|turn|11\n|\n|t:|1759607149\n|switch|p2a: Venusaur|Venusaur-Mega, F|67/100\n|move|p1a: Zeraora|Taunt|p2a: Venusaur\n|-start|p2a: Venusaur|move: Taunt\n|\n|upkeep\n|turn|12\n|\n|t:|1759607177\n|switch|p1a: Vileplume-Prime|Vileplume-Prime, M|100/100\n|move|p2a: Venusaur|Earth Power|p1a: Vileplume-Prime\n|-damage|p1a: Vileplume-Prime|80/100\n|\n|-heal|p1a: Vileplume-Prime|87/100|[from] item: Leftovers\n|upkeep\n|turn|13\n|\n|t:|1759607191\n|switch|p2a: Corviknight-Prime|Corviknight-Prime, F|100/100\n|move|p1a: Vileplume-Prime|Sludge Bomb|p2a: Corviknight-Prime\n|-immune|p2a: Corviknight-Prime\n|\n|-heal|p1a: Vileplume-Prime|93/100|[from] item: Leftovers\n|upkeep\n|turn|14\n|\n|t:|1759607205\n|move|p2a: Corviknight-Prime|Brave Bird|p1a: Vileplume-Prime\n|-supereffective|p1a: Vileplume-Prime\n|-damage|p1a: Vileplume-Prime|0 fnt\n|faint|p1a: Vileplume-Prime\n|-damage|p2a: Corviknight-Prime|69/100|[from] Recoil\n|\n|upkeep\n|\n|t:|1759607238\n|switch|p1a: Gholdengo|Gholdengo|100/100\n|turn|15\n|\n|t:|1759607249\n|move|p1a: Gholdengo|Trick|p2a: Corviknight-Prime\n|-activate|p1a: Gholdengo|move: Trick|[of] p2a: Corviknight-Prime\n|-item|p2a: Corviknight-Prime|Choice Scarf|[from] move: Trick\n|-item|p1a: Gholdengo|Chesto Berry|[from] move: Trick\n|move|p2a: Corviknight-Prime|Bulk Up|p2a: Corviknight-Prime\n|-boost|p2a: Corviknight-Prime|atk|1\n|-boost|p2a: Corviknight-Prime|def|1\n|\n|upkeep\n|turn|16\n|\n|t:|1759607326\n|switch|p2a: Jolteon-Prime|Jolteon-Prime, F|88/100 brn\n|switch|p1a: Zeraora|Zeraora|100/100\n|\n|-damage|p2a: Jolteon-Prime|82/100 brn|[from] brn\n|upkeep\n|turn|17\n|\n|t:|1759607359\n|move|p2a: Jolteon-Prime|Boomburst|p1a: Zeraora\n|-damage|p1a: Zeraora|37/100\n|move|p1a: Zeraora|Play Rough|p2a: Jolteon-Prime\n|-crit|p2a: Jolteon-Prime\n|-damage|p2a: Jolteon-Prime|34/100 brn\n|\n|-heal|p1a: Zeraora|44/100|[from] item: Leftovers\n|-damage|p2a: Jolteon-Prime|28/100 brn|[from] brn\n|upkeep\n|turn|18\n|\n|t:|1759607380\n|-terastallize|p1a: Zeraora|Ghost\n|move|p2a: Jolteon-Prime|Boomburst|p1a: Zeraora\n|-immune|p1a: Zeraora\n|move|p1a: Zeraora|Play Rough|p2a: Jolteon-Prime\n|-damage|p2a: Jolteon-Prime|0 fnt\n|faint|p2a: Jolteon-Prime\n|\n|-heal|p1a: Zeraora|50/100|[from] item: Leftovers\n|upkeep\n|\n|t:|1759607392\n|switch|p2a: Venusaur|Venusaur-Mega, F|67/100\n|turn|19\n|\n|t:|1759607403\n|switch|p1a: Mandibuzz|Mandibuzz, F|94/100 tox\n|move|p2a: Venusaur|Sludge Bomb|p1a: Mandibuzz\n|-damage|p1a: Mandibuzz|63/100 tox\n|\n|-heal|p1a: Mandibuzz|69/100 tox|[from] item: Leftovers\n|-damage|p1a: Mandibuzz|63/100 tox|[from] psn\n|upkeep\n|turn|20\n|\n|t:|1759607413\n|move|p1a: Mandibuzz|U-turn|p2a: Venusaur\n|-damage|p2a: Venusaur|59/100\n|\n|t:|1759607435\n|switch|p1a: Gholdengo|Gholdengo|100/100|[from] U-turn\n|move|p2a: Venusaur|Growth|p2a: Venusaur\n|-boost|p2a: Venusaur|atk|1\n|-boost|p2a: Venusaur|spa|1\n|\n|upkeep\n|turn|21\n|\n|t:|1759607460\n|move|p1a: Gholdengo|Make It Rain|p2a: Venusaur\n|-damage|p2a: Venusaur|13/100\n|-unboost|p1a: Gholdengo|spa|1\n|move|p2a: Venusaur|Earth Power|p1a: Gholdengo\n|-supereffective|p1a: Gholdengo\n|-damage|p1a: Gholdengo|20/100\n|\n|upkeep\n|turn|22\n|\n|t:|1759607485\n|switch|p2a: Corviknight-Prime|Corviknight-Prime, F|69/100\n|move|p1a: Gholdengo|Thunder|p2a: Corviknight-Prime|[miss]\n|-miss|p1a: Gholdengo|p2a: Corviknight-Prime\n|\n|upkeep\n|turn|23\n|c|☆NottaDoc|society\n|\n|t:|1759607504\n|switch|p1a: Mandibuzz|Mandibuzz, F|63/100 tox\n|move|p2a: Corviknight-Prime|Brave Bird|p1a: Mandibuzz\n|-damage|p1a: Mandibuzz|29/100 tox\n|-damage|p2a: Corviknight-Prime|56/100|[from] Recoil\n|\n|-heal|p1a: Mandibuzz|35/100 tox|[from] item: Leftovers\n|-damage|p1a: Mandibuzz|29/100 tox|[from] psn\n|upkeep\n|turn|24\n|\n|t:|1759607518\n|switch|p2a: Venusaur|Venusaur-Mega, F|13/100\n|move|p1a: Mandibuzz|Roost|p1a: Mandibuzz\n|-heal|p1a: Mandibuzz|79/100 tox\n|-singleturn|p1a: Mandibuzz|move: Roost\n|\n|-heal|p1a: Mandibuzz|85/100 tox|[from] item: Leftovers\n|-damage|p1a: Mandibuzz|73/100 tox|[from] psn\n|upkeep\n|turn|25\n|\n|t:|1759607529\n|move|p2a: Venusaur|Synthesis|p2a: Venusaur\n|-heal|p2a: Venusaur|63/100\n|move|p1a: Mandibuzz|U-turn|p2a: Venusaur\n|-damage|p2a: Venusaur|54/100\n|\n|t:|1759607602\n|switch|p1a: Gholdengo|Gholdengo|20/100|[from] U-turn\n|\n|upkeep\n|turn|26\n|\n|t:|1759607608\n|move|p1a: Gholdengo|Make It Rain|p2a: Venusaur\n|-damage|p2a: Venusaur|9/100\n|-unboost|p1a: Gholdengo|spa|1\n|move|p2a: Venusaur|Synthesis|p2a: Venusaur\n|-heal|p2a: Venusaur|59/100\n|\n|upkeep\n|turn|27\n|\n|t:|1759607619\n|move|p1a: Gholdengo|Make It Rain|p2a: Venusaur\n|-damage|p2a: Venusaur|29/100\n|-unboost|p1a: Gholdengo|spa|1\n|move|p2a: Venusaur|Earth Power|p1a: Gholdengo\n|-supereffective|p1a: Gholdengo\n|-damage|p1a: Gholdengo|0 fnt\n|faint|p1a: Gholdengo\n|\n|upkeep\n|\n|t:|1759607629\n|switch|p1a: Typhlosion-Prime|Typhlosion-Prime, F|48/100\n|-weather|SunnyDay|[from] ability: Drought|[of] p1a: Typhlosion-Prime\n|turn|28\n|\n|t:|1759607639\n|switch|p2a: Corviknight-Prime|Corviknight-Prime, F|56/100\n|move|p1a: Typhlosion-Prime|Earth Power|p2a: Corviknight-Prime\n|-immune|p2a: Corviknight-Prime\n|\n|-weather|SunnyDay|[upkeep]\n|upkeep\n|turn|29\n|\n|t:|1759607666\n|switch|p1a: Mandibuzz|Mandibuzz, F|73/100 tox\n|switch|p2a: Venusaur|Venusaur-Mega, F|29/100\n|\n|-weather|SunnyDay|[upkeep]\n|-heal|p1a: Mandibuzz|79/100 tox|[from] item: Leftovers\n|-damage|p1a: Mandibuzz|73/100 tox|[from] psn\n|upkeep\n|turn|30\n|\n|t:|1759607695\n|move|p2a: Venusaur|Synthesis|p2a: Venusaur\n|-heal|p2a: Venusaur|95/100\n|move|p1a: Mandibuzz|U-turn|p2a: Venusaur\n|-damage|p2a: Venusaur|87/100\n|\n|t:|1759607699\n|switch|p1a: Typhlosion-Prime|Typhlosion-Prime, F|48/100|[from] U-turn\n|\n|-weather|SunnyDay|[upkeep]\n|upkeep\n|turn|31\n|\n|t:|1759607717\n|switch|p2a: Arcanine|Arcanine, M|94/100 tox\n|move|p1a: Typhlosion-Prime|Fiery Dance|p2a: Arcanine\n|-start|p2a: Arcanine|ability: Flash Fire\n|\n|-weather|SunnyDay|[upkeep]\n|-damage|p2a: Arcanine|88/100 tox|[from] psn\n|upkeep\n|turn|32\n|\n|t:|1759607724\n|switch|p1a: Mandibuzz|Mandibuzz, F|73/100 tox\n|move|p2a: Arcanine|Flamethrower|p1a: Mandibuzz\n|-damage|p1a: Mandibuzz|5/100 tox\n|\n|-weather|none\n|-heal|p1a: Mandibuzz|11/100 tox|[from] item: Leftovers\n|-damage|p2a: Arcanine|76/100 tox|[from] psn\n|-damage|p1a: Mandibuzz|5/100 tox|[from] psn\n|upkeep\n|turn|33\n|\n|t:|1759607730\n|move|p2a: Arcanine|Flamethrower|p1a: Mandibuzz\n|-damage|p1a: Mandibuzz|0 fnt\n|faint|p1a: Mandibuzz\n|\n|-damage|p2a: Arcanine|57/100 tox|[from] psn\n|upkeep\n|\n|t:|1759607732\n|switch|p1a: Typhlosion-Prime|Typhlosion-Prime, F|48/100\n|-weather|SunnyDay|[from] ability: Drought|[of] p1a: Typhlosion-Prime\n|turn|34\n|\n|t:|1759607746\n|move|p1a: Typhlosion-Prime|Earth Power|p2a: Arcanine\n|-supereffective|p2a: Arcanine\n|-damage|p2a: Arcanine|0 fnt\n|faint|p2a: Arcanine\n|\n|-weather|SunnyDay|[upkeep]\n|upkeep\n|\n|t:|1759607750\n|switch|p2a: Corviknight-Prime|Corviknight-Prime, F|56/100\n|turn|35\n|\n|t:|1759607766\n|switch|p1a: Zeraora|Zeraora, tera:Ghost|50/100\n|move|p2a: Corviknight-Prime|Brave Bird|p1a: Zeraora\n|-damage|p1a: Zeraora|0 fnt\n|faint|p1a: Zeraora\n|-damage|p2a: Corviknight-Prime|40/100|[from] Recoil\n|\n|-weather|SunnyDay|[upkeep]\n|upkeep\n|c|☆NottaDoc|losing all those 50/50s abolsutely lost me the game\n|c|☆NottaDoc|ggs on your part\n|\n|t:|1759607786\n|switch|p1a: Typhlosion-Prime|Typhlosion-Prime, F|48/100\n|turn|36\n|\n|t:|1759607795\n|move|p1a: Typhlosion-Prime|Fiery Dance|p2a: Corviknight-Prime\n|-supereffective|p2a: Corviknight-Prime\n|-damage|p2a: Corviknight-Prime|0 fnt\n|-boost|p1a: Typhlosion-Prime|spa|1\n|faint|p2a: Corviknight-Prime\n|\n|-weather|SunnyDay|[upkeep]\n|upkeep\n|\n|t:|1759607798\n|switch|p2a: Avalugg|Avalugg, M|100/100\n|turn|37\n|\n|t:|1759607800\n|move|p1a: Typhlosion-Prime|Fiery Dance|p2a: Avalugg\n|-supereffective|p2a: Avalugg\n|-ability|p2a: Avalugg|Sturdy\n|-damage|p2a: Avalugg|1/100\n|move|p2a: Avalugg|Mirror Coat|p1a: Typhlosion-Prime\n|-damage|p1a: Typhlosion-Prime|0 fnt\n|faint|p1a: Typhlosion-Prime\n|\n|win|Kjflame013\n|c|☆Kjflame013|Gg\n|l|☆NottaDoc\n|player|p1|\n|j|☆NottaDoc\n|player|p1|NottaDoc|170|\n","players":["NottaDoc","Kjflame013"],"format":"[Gen 9] NatDex Draft","rating":null,"private":0,"password":null,"inputlog":">version 2521d38b27f80d1c68b15942009d55f3b2bb8613\n>start {\"formatid\":\"gen9natdexdraft@@@Tera Type Preview\",\"seed\":\"sodium,d5bb798505a917ab639e319d6cf87cde\"}\n>player p1 {\"name\":\"NottaDoc\",\"avatar\":\"170\",\"team\":\"Typhlosion-Prime||ChoiceSpecs|Drought|FieryDance,Eruption,EarthPower,SolarBeam|Modest|,,,252,4,252|F|,0,,,,|||,,,,,Fire]Vileplume-Prime||Leftovers|Triage|StrengthSap,Spore,SludgeBomb,Moonblast|Modest|252,,,252,4,|M|,0,,,,|||,,,,,Grass]Zeraora||Leftovers|VoltAbsorb|PlayRough,PlasmaFists,Taunt,BulkUp|Adamant|208,252,,,,48|N||||,,,,,Ghost]Landorus|LandorusTherian|Leftovers|Intimidate|ScorchingSands,WeatherBall,SludgeBomb,Uturn|Timid|,,,252,4,252|M||||,,,,,Ground]Mandibuzz||Leftovers|Overcoat|Defog,Toxic,Roost,Uturn|Impish|252,,252,,4,|F||||,,,,,Dark]Gholdengo||ChoiceScarf|GoodasGold|NastyPlot,MakeItRain,Thunder,Trick|Modest|,,,252,4,252|N|,0,,,,|||,,,,,Steel\",\"rating\":0}\n>player p2 {\"name\":\"Kjflame013\",\"avatar\":\"1\",\"team\":\"Jolteon-Prime||FlameOrb|QuickFeet|Thunderbolt,Boomburst,ShadowBall,HiddenPowerIce|Modest|252,,4,252,,|F|,0,,,,|||,Ice,,,,Electric]Corviknight-Prime||ChestoBerry|IronBarbs|BraveBird,Rest,BehemothBash,BulkUp|Adamant|,252,4,,252,|F||||,,,,,Flying]Venusaur||Venusaurite|Overgrow|SludgeBomb,EarthPower,Synthesis,Growth|Calm|236,,96,,176,|F|,0,,,,|||,,,,,Grass]Arcanine||HeavyDutyBoots|FlashFire|ScorchingSands,Flamethrower,Toxic,MorningSun|Timid|,,,252,4,252|M|,0,,,,|||,,,,,Fire]Avalugg||HeavyDutyBoots|Sturdy|Avalanche,MirrorCoat,Recover,RapidSpin|Careful|248,8,,,252,|M||||,,,,,Ice]Urshifu||ChoiceBand|UnseenFist|WickedBlow,CloseCombat,PoisonJab,Uturn|Jolly|,252,,,4,252|F||||,,,,,Dark\",\"rating\":0}\n>chat ☆NottaDoc|glhf\n>chat ☆Kjflame013|Same to u\n>p1 team 3, 2, 1, 4, 5, 6\n>p2 team 6, 2, 3, 4, 5, 1\n>p1 switch 2\n>p2 switch 3\n>p1 move sludgebomb\n>p2 move growth mega\n>p1 switch 3\n>p2 move sludgebomb\n>p1 move fierydance\n>p2 switch 4\n>p1 switch 4\n>p2 move flamethrower\n>p1 switch 4\n>p1 move earthpower\n>p2 switch 2\n>p1 switch 5\n>p2 switch 2\n>p1 move toxic\n>p2 move toxic\n>p1 move uturn\n>p2 switch 6\n>p1 switch 2\n>p1 move bulkup\n>p2 switch 2\n>p1 move taunt\n>p2 switch 4\n>p1 switch 3\n>p2 move earthpower\n>p1 move sludgebomb\n>p2 switch 4\n>p1 move spore\n>p2 move bravebird\n>p1 switch 6\n>p1 move trick\n>p2 move bulkup\n>p1 switch 3\n>p2 switch 2\n>p1 move playrough\n>p2 move boomburst\n>p1 move playrough terastallize\n>p2 move boomburst\n>p2 switch 4\n>p1 switch 2\n>p2 move sludgebomb\n>p1 move uturn\n>p2 move growth\n>p1 switch 3\n>p1 move makeitrain\n>p2 move earthpower\n>p1 move thunder\n>p2 switch 2\n>chat ☆NottaDoc|society\n>p1 switch 3\n>p2 move bravebird\n>p1 move roost\n>p2 switch 2\n>p1 move uturn\n>p2 move synthesis\n>p1 switch 3\n>p1 move makeitrain\n>p2 move synthesis\n>p1 move makeitrain\n>p2 move earthpower\n>p1 switch 5\n>p1 move earthpower\n>p2 switch 2\n>p1 switch 3\n>p2 switch 2\n>p1 move uturn\n>p2 move synthesis\n>p1 switch 3\n>p1 move fierydance\n>p2 switch 6\n>p1 switch 3\n>p2 move flamethrower\n>p1 move uturn\n>p2 move flamethrower\n>p1 switch 3\n>p1 move earthpower\n>p2 move scorchingsands\n>p2 switch 2\n>p1 switch 2\n>p2 move bravebird\n>chat ☆NottaDoc|losing all those 50/50s abolsutely lost me the game\n>chat ☆NottaDoc|ggs on your part\n>p1 switch 2\n>p1 move fierydance\n>p2 move bravebird\n>p2 switch 5\n>p1 move fierydance\n>p2 move mirrorcoat","uploadtime":1759607839}