{"id":"gen9natdexdraft-106","log":"|j|☆john961\n|j|☆L_Torchic_L\n|t:|1760987315\n|gametype|singles\n|player|p1|john961|miku-flying|\n|player|p2|L_Torchic_L|benga|\n|gen|9\n|tier|[Gen 9] NatDex Draft\n|rule|Tera Type Preview: Tera Types are shown at Team Preview\n|rule|Sleep Clause Mod: Limit one foe put to sleep\n|rule|OHKO Clause: OHKO moves are banned\n|rule|Evasion Clause: Evasion abilities, items, and moves are banned\n|rule|Evasion Abilities Clause: Evasion abilities are banned\n|rule|Evasion Items Clause: Evasion items are banned\n|rule|Evasion Moves Clause: Evasion moves are banned\n|rule|Endless Battle Clause: Forcing endless battles is banned\n|rule|HP Percentage Mod: HP is shown in percentages\n|raw|<div class=\"infobox\"><details class=\"readmore\" open><summary><strong>1 custom rule:</strong></summary> Tera Type Preview</details></div>\n|clearpoke\n|poke|p1|Paleogeist, M|\n|poke|p1|Iron Pixel, F|\n|poke|p1|Iron Gear, M|\n|poke|p1|Amoonguss, F|\n|poke|p1|Buzzwole|\n|poke|p1|Type: Null|\n|poke|p2|Dragapult, F|\n|poke|p2|Rotom-Wash|\n|poke|p2|Skarmory, M|\n|poke|p2|Kingambit, M|\n|poke|p2|Swellow, F|\n|poke|p2|Darmanitan-Galar, F|\n|raw|john961's Tera Types:<br /><psicon pokemon=\"paleogeist\" /><psicon type=\"Water\" /> / <psicon pokemon=\"ironpixel\" /><psicon type=\"Poison\" /> / <psicon pokemon=\"irongear\" /><psicon type=\"Psychic\" /> / <psicon pokemon=\"amoonguss\" /><psicon type=\"Grass\" /> / <psicon pokemon=\"buzzwole\" /><psicon type=\"Bug\" /> / <psicon pokemon=\"typenull\" /><psicon type=\"Normal\" />\n|raw|L_Torchic_L's Tera Types:<br /><psicon pokemon=\"dragapult\" /><psicon type=\"Dragon\" /> / <psicon pokemon=\"rotomwash\" /><psicon type=\"Electric\" /> / <psicon pokemon=\"skarmory\" /><psicon type=\"Steel\" /> / <psicon pokemon=\"kingambit\" /><psicon type=\"Fairy\" /> / <psicon pokemon=\"swellow\" /><psicon type=\"Normal\" /> / <psicon pokemon=\"darmanitangalar\" /><psicon type=\"Ice\" />\n|teampreview\n|c|☆L_Torchic_L|yo\n|c|☆L_Torchic_L|LETS DO IT\n|c|☆john961|glhf\n|c|☆L_Torchic_L|glhf\n|\n|t:|1760987347\n|teamsize|p1|6\n|teamsize|p2|6\n|start\n|switch|p1a: Sussy Baka|Amoonguss, F|100/100\n|switch|p2a: Darmanitan|Darmanitan-Galar, F|100/100\n|turn|1\n|\n|t:|1760987356\n|detailschange|p1a: Sussy Baka|Amoonguss-Mega, F\n|-mega|p1a: Sussy Baka|Amoonguss|Vent\n|move|p2a: Darmanitan|Icicle Crash|p1a: Sussy Baka\n|-supereffective|p1a: Sussy Baka\n|-damage|p1a: Sussy Baka|21/100\n|cant|p1a: Sussy Baka|flinch\n|\n|-activate|p1a: Sussy Baka|ability: Ejected\n|upkeep\n|c|☆L_Torchic_L|wtf\n|j|~SparksTheNeo\n|c|☆L_Torchic_L|thaat spdf is crazy\n|c|☆L_Torchic_L|i mean\n|c|☆L_Torchic_L|def\n|c|☆L_Torchic_L|not its not\n|c|☆L_Torchic_L|the hp\n|\n|t:|1760987389\n|-heal|p1a: Sussy Baka|41/100|[from] ability: Ejected\n|switch|p1a: William Afton|Paleogeist, M, shiny|100/100\n|turn|2\n|c|☆L_Torchic_L|is crazy\n|\n|t:|1760987423\n|switch|p2a: Skarmory|Skarmory, M|100/100\n|-terastallize|p1a: William Afton|Water\n|move|p1a: William Afton|Swords Dance|p1a: William Afton\n|-boost|p1a: William Afton|atk|2\n|\n|upkeep\n|turn|3\n|\n|t:|1760987433\n|move|p1a: William Afton|Rock Wrecker|p2a: Skarmory|[miss]\n|-miss|p1a: William Afton|p2a: Skarmory\n|move|p2a: Skarmory|Counter||[still]\n|-fail|p2a: Skarmory\n|\n|upkeep\n|turn|4\n|c|☆L_Torchic_L|DANG\n|c|☆L_Torchic_L|why did it miss\n|c|☆john961|why did you flich me when I lost on spore smh\n|c|☆L_Torchic_L|the universe knows spore is a bad move\n|\n|t:|1760987516\n|move|p1a: William Afton|Hammer Arm|p2a: Skarmory\n|-damage|p2a: Skarmory|63/100\n|-unboost|p1a: William Afton|spe|1\n|-damage|p1a: William Afton|84/100|[from] item: Rocky Helmet|[of] p2a: Skarmory\n|move|p2a: Skarmory|Whirlwind|p1a: William Afton\n|drag|p1a: False Prophet|Type: Null, shiny|100/100\n|\n|upkeep\n|turn|5\n|c|☆L_Torchic_L|sparks\n|\n|t:|1760987540\n|switch|p1a: Sussy Baka|Amoonguss-Mega, F|41/100\n|move|p2a: Skarmory|Roost|p2a: Skarmory\n|-heal|p2a: Skarmory|100/100\n|-singleturn|p2a: Skarmory|move: Roost\n|\n|-activate|p1a: Sussy Baka|ability: Ejected\n|upkeep\n|c|~SparksTheNeo|hi\n|c|☆L_Torchic_L|yknow how in za there are new megas\n|c|~SparksTheNeo|yur\n|\n|t:|1760987551\n|-heal|p1a: Sussy Baka|61/100|[from] ability: Ejected\n|switch|p1a: Click|Iron Pixel, F, shiny|100/100\n|turn|6\n|c|☆L_Torchic_L|are we gunna get any of these replaced?\n|c|~SparksTheNeo|renamed prob\n|\n|t:|1760987579\n|switch|p2a: Rotom|Rotom-Wash|100/100\n|move|p1a: Click|Volt Switch|p2a: Rotom\n|-damage|p2a: Rotom|63/100\n|\n|t:|1760987598\n|-end|p1a: Click|Quark Drive|[silent]\n|switch|p1a: Sussy Baka|Amoonguss-Mega, F|61/100|[from] Volt Switch\n|\n|upkeep\n|turn|7\n|\n|t:|1760987613\n|switch|p2a: Swellow|Swellow, F|100/100\n|move|p1a: Sussy Baka|Spore|p2a: Swellow\n|-status|p2a: Swellow|slp|[from] move: Spore\n|\n|upkeep\n|turn|8\n|\n|t:|1760987621\n|detailschange|p2a: Swellow|Swellow-Mega, F\n|-mega|p2a: Swellow|Swellow|Swellowite\n|cant|p2a: Swellow|slp\n|move|p1a: Sussy Baka|Sludge Bomb|p2a: Swellow\n|-damage|p2a: Swellow|14/100 slp\n|\n|upkeep\n|turn|9\n|c|☆L_Torchic_L|jesus\n|c|☆L_Torchic_L|christ\n|\n|t:|1760987639\n|switch|p2a: Skarmory|Skarmory, M|100/100\n|-heal|p1a: Sussy Baka|81/100|[from] ability: Ejected\n|switch|p1a: Click|Iron Pixel, F, shiny|100/100\n|\n|upkeep\n|turn|10\n|\n|t:|1760987696\n|switch|p2a: Swellow|Swellow-Mega, F|14/100 slp\n|move|p1a: Click|Thunderbolt|p2a: Swellow\n|-supereffective|p2a: Swellow\n|-damage|p2a: Swellow|0 fnt\n|faint|p2a: Swellow\n|detailschange|p2: Swellow|Swellow, F|[silent]\n|\n|upkeep\n|\n|t:|1760987711\n|switch|p2a: Kingambit|Kingambit, M|100/100\n|-activate|p2a: Kingambit|ability: Supreme Overlord\n|-start|p2a: Kingambit|fallen1|[silent]\n|turn|11\n|\n|t:|1760987730\n|move|p1a: Click|Volt Switch|p2a: Kingambit\n|-damage|p2a: Kingambit|65/100\n|\n|t:|1760987767\n|-end|p1a: Click|Quark Drive|[silent]\n|switch|p1a: Sussy Baka|Amoonguss-Mega, F|81/100|[from] Volt Switch\n|move|p2a: Kingambit|Swords Dance|p2a: Kingambit\n|-boost|p2a: Kingambit|atk|2\n|\n|upkeep\n|turn|12\n|\n|t:|1760987788\n|move|p2a: Kingambit|Kowtow Cleave|p1a: Sussy Baka\n|-damage|p1a: Sussy Baka|18/100\n|move|p1a: Sussy Baka|Spore|p2a: Kingambit\n|-status|p2a: Kingambit|slp|[from] move: Spore\n|\n|-activate|p1a: Sussy Baka|ability: Ejected\n|upkeep\n|c|☆L_Torchic_L|i hate that thing so much\n|\n|t:|1760987814\n|-heal|p1a: Sussy Baka|38/100|[from] ability: Ejected\n|switch|p1a: Click|Iron Pixel, F, shiny|100/100\n|turn|13\n|\n|t:|1760987839\n|move|p1a: Click|Thunderbolt|p2a: Kingambit\n|-damage|p2a: Kingambit|22/100 slp\n|cant|p2a: Kingambit|slp\n|\n|upkeep\n|turn|14\n|\n|t:|1760987858\n|-end|p1a: Click|Quark Drive|[silent]\n|switch|p1a: Mr. Mosquito|Buzzwole, shiny|100/100\n|-curestatus|p2a: Kingambit|slp|[msg]\n|move|p2a: Kingambit|Sucker Punch||[still]\n|-fail|p2a: Kingambit\n|\n|upkeep\n|turn|15\n|\n|t:|1760987874\n|-end|p2a: Kingambit|fallen1|[silent]\n|switch|p2a: Skarmory|Skarmory, M|100/100\n|move|p1a: Mr. Mosquito|Close Combat|p2a: Skarmory\n|-damage|p2a: Skarmory|60/100\n|-unboost|p1a: Mr. Mosquito|def|1\n|-unboost|p1a: Mr. Mosquito|spd|1\n|-damage|p1a: Mr. Mosquito|84/100|[from] item: Rocky Helmet|[of] p2a: Skarmory\n|\n|upkeep\n|turn|16\n|\n|t:|1760987883\n|switch|p1a: Click|Iron Pixel, F, shiny|100/100\n|move|p2a: Skarmory|Roost|p2a: Skarmory\n|-heal|p2a: Skarmory|100/100\n|-singleturn|p2a: Skarmory|move: Roost\n|\n|upkeep\n|turn|17\n|\n|t:|1760987889\n|move|p1a: Click|Thunderbolt|p2a: Skarmory\n|-supereffective|p2a: Skarmory\n|-ability|p2a: Skarmory|Sturdy\n|-damage|p2a: Skarmory|1/100\n|move|p2a: Skarmory|Stealth Rock|p1a: Click\n|-sidestart|p1: john961|move: Stealth Rock\n|\n|upkeep\n|turn|18\n|c|☆L_Torchic_L|expected you to read\n|c|☆L_Torchic_L|uhh\n|\n|t:|1760987909\n|move|p1a: Click|Volt Switch|p2a: Skarmory\n|-supereffective|p2a: Skarmory\n|-damage|p2a: Skarmory|0 fnt\n|faint|p2a: Skarmory\n|\n|t:|1760987923\n|-end|p1a: Click|Quark Drive|[silent]\n|switch|p1a: Sussy Baka|Amoonguss-Mega, F|38/100|[from] Volt Switch\n|-damage|p1a: Sussy Baka|25/100|[from] Stealth Rock\n|\n|-activate|p1a: Sussy Baka|ability: Ejected\n|upkeep\n|\n|t:|1760987939\n|switch|p2a: Kingambit|Kingambit, M|22/100\n|-heal|p1a: Sussy Baka|45/100|[from] ability: Ejected\n|switch|p1a: Mr. Mosquito|Buzzwole, shiny|84/100\n|-damage|p1a: Mr. Mosquito|71/100|[from] Stealth Rock\n|-activate|p2a: Kingambit|ability: Supreme Overlord\n|-start|p2a: Kingambit|fallen2|[silent]\n|turn|19\n|c|☆L_Torchic_L|huh\n|c|☆L_Torchic_L|im so confused\n|c|☆john961|its a little sus\n|c|~SparksTheNeo|at the end of the turn if mega amooguss has less than 1/2 health it switches out\n|c|☆L_Torchic_L|i hate that thing\n|\n|t:|1760987995\n|-terastallize|p2a: Kingambit|Fairy\n|move|p1a: Mr. Mosquito|Darkest Lariat|p2a: Kingambit\n|-resisted|p2a: Kingambit\n|-damage|p2a: Kingambit|9/100\n|move|p2a: Kingambit|Iron Head|p1a: Mr. Mosquito\n|-damage|p1a: Mr. Mosquito|31/100\n|\n|upkeep\n|turn|20\n|\n|t:|1760988015\n|-end|p2a: Kingambit|fallen2|[silent]\n|switch|p2a: Rotom|Rotom-Wash|63/100\n|move|p1a: Mr. Mosquito|Darkest Lariat|p2a: Rotom\n|-damage|p2a: Rotom|37/100\n|\n|upkeep\n|turn|21\n|\n|t:|1760988079\n|switch|p1a: Sussy Baka|Amoonguss-Mega, F|45/100\n|-damage|p1a: Sussy Baka|33/100|[from] Stealth Rock\n|move|p2a: Rotom|Volt Switch|p1a: Sussy Baka\n|-resisted|p1a: Sussy Baka\n|-damage|p1a: Sussy Baka|23/100\n|\n|t:|1760988100\n|switch|p2a: Darmanitan|Darmanitan-Galar, F|100/100|[from] Volt Switch\n|\n|-activate|p1a: Sussy Baka|ability: Ejected\n|upkeep\n|\n|t:|1760988109\n|-heal|p1a: Sussy Baka|43/100|[from] ability: Ejected\n|switch|p1a: William Afton|Paleogeist, M, shiny, tera:Water|84/100\n|-damage|p1a: William Afton|72/100|[from] Stealth Rock\n|turn|22\n|\n|t:|1760988126\n|move|p2a: Darmanitan|U-turn|p1a: William Afton\n|-damage|p1a: William Afton|51/100\n|-damage|p2a: Darmanitan|84/100|[from] item: Rocky Helmet|[of] p1a: William Afton\n|\n|t:|1760988136\n|switch|p2a: Dragapult|Dragapult, F|100/100|[from] U-turn\n|move|p1a: William Afton|Rock Wrecker|p2a: Dragapult\n|-damage|p2a: Dragapult|14/100\n|\n|upkeep\n|turn|23\n|c|☆L_Torchic_L|did not mean to do that\n|\n|t:|1760988166\n|switch|p1a: False Prophet|Type: Null, shiny|100/100\n|-damage|p1a: False Prophet|88/100|[from] Stealth Rock\n|move|p2a: Dragapult|Dragon Pulse|p1a: False Prophet\n|-damage|p1a: False Prophet|63/100\n|\n|upkeep\n|turn|24\n|\n|t:|1760988177\n|switch|p2a: Rotom|Rotom-Wash|37/100\n|move|p1a: False Prophet|Icy Wind|p2a: Rotom\n|-resisted|p2a: Rotom\n|-damage|p2a: Rotom|30/100\n|-unboost|p2a: Rotom|spe|1\n|\n|upkeep\n|turn|25\n|\n|t:|1760988187\n|move|p1a: False Prophet|U-turn|p2a: Rotom\n|-damage|p2a: Rotom|17/100\n|\n|t:|1760988193\n|switch|p1a: Sussy Baka|Amoonguss-Mega, F|43/100|[from] U-turn\n|-damage|p1a: Sussy Baka|31/100|[from] Stealth Rock\n|move|p2a: Rotom|Volt Switch|p1a: Sussy Baka\n|-resisted|p1a: Sussy Baka\n|-damage|p1a: Sussy Baka|21/100\n|\n|t:|1760988241\n|switch|p2a: Dragapult|Dragapult, F|14/100|[from] Volt Switch\n|\n|-activate|p1a: Sussy Baka|ability: Ejected\n|upkeep\n|\n|t:|1760988262\n|-heal|p1a: Sussy Baka|41/100|[from] ability: Ejected\n|switch|p1a: Mr. Mosquito|Buzzwole, shiny|31/100\n|-damage|p1a: Mr. Mosquito|18/100|[from] Stealth Rock\n|turn|26\n|\n|t:|1760988271\n|move|p1a: Mr. Mosquito|Darkest Lariat|p2a: Dragapult\n|-supereffective|p2a: Dragapult\n|-damage|p2a: Dragapult|0 fnt\n|faint|p2a: Dragapult\n|-ability|p1a: Mr. Mosquito|Beast Boost|boost\n|-boost|p1a: Mr. Mosquito|atk|1\n|\n|upkeep\n|c|☆L_Torchic_L|scarf\n|c|☆L_Torchic_L|huh\n|c|☆L_Torchic_L|not its boots\n|c|☆L_Torchic_L|no its not\n|c|☆L_Torchic_L|scarf\n|\n|t:|1760988309\n|switch|p2a: Kingambit|Kingambit, M, tera:Fairy|9/100\n|-activate|p2a: Kingambit|ability: Supreme Overlord\n|-start|p2a: Kingambit|fallen3|[silent]\n|turn|27\n|\n|t:|1760988317\n|move|p2a: Kingambit|Sucker Punch|p1a: Mr. Mosquito\n|-resisted|p1a: Mr. Mosquito\n|-damage|p1a: Mr. Mosquito|0 fnt\n|faint|p1a: Mr. Mosquito\n|\n|upkeep\n|\n|t:|1760988328\n|switch|p1a: William Afton|Paleogeist, M, shiny, tera:Water|51/100\n|-damage|p1a: William Afton|38/100|[from] Stealth Rock\n|turn|28\n|\n|t:|1760988338\n|move|p2a: Kingambit|Sucker Punch||[still]\n|-fail|p2a: Kingambit\n|move|p1a: William Afton|Slack Off|p1a: William Afton\n|-heal|p1a: William Afton|89/100\n|\n|upkeep\n|turn|29\n|\n|t:|1760988348\n|move|p2a: Kingambit|Sucker Punch|p1a: William Afton\n|-damage|p1a: William Afton|63/100\n|-damage|p2a: Kingambit|0 fnt|[from] item: Rocky Helmet|[of] p1a: William Afton\n|faint|p2a: Kingambit\n|-end|p2a: Kingambit|fallen3|[silent]\n|move|p1a: William Afton|Rock Wrecker|p2: Kingambit|[notarget]\n|-fail|p1a: William Afton\n|\n|upkeep\n|\n|t:|1760988355\n|switch|p2a: Rotom|Rotom-Wash|17/100\n|turn|30\n|\n|t:|1760988360\n|switch|p1a: Sussy Baka|Amoonguss-Mega, F|41/100\n|-damage|p1a: Sussy Baka|29/100|[from] Stealth Rock\n|move|p2a: Rotom|Volt Switch|p1a: Sussy Baka\n|-resisted|p1a: Sussy Baka\n|-damage|p1a: Sussy Baka|18/100\n|\n|t:|1760988363\n|switch|p2a: Darmanitan|Darmanitan-Galar, F|84/100|[from] Volt Switch\n|\n|-activate|p1a: Sussy Baka|ability: Ejected\n|upkeep\n|\n|t:|1760988391\n|-heal|p1a: Sussy Baka|38/100|[from] ability: Ejected\n|switch|p1a: William Afton|Paleogeist, M, shiny, tera:Water|63/100\n|-damage|p1a: William Afton|51/100|[from] Stealth Rock\n|turn|31\n|\n|t:|1760988397\n|move|p2a: Darmanitan|U-turn|p1a: William Afton\n|-damage|p1a: William Afton|27/100\n|-damage|p2a: Darmanitan|68/100|[from] item: Rocky Helmet|[of] p1a: William Afton\n|\n|t:|1760988404\n|switch|p2a: Rotom|Rotom-Wash|17/100|[from] U-turn\n|move|p1a: William Afton|Slack Off|p1a: William Afton\n|-heal|p1a: William Afton|77/100\n|\n|upkeep\n|turn|32\n|\n|t:|1760988410\n|switch|p1a: Sussy Baka|Amoonguss-Mega, F|38/100\n|-damage|p1a: Sussy Baka|26/100|[from] Stealth Rock\n|move|p2a: Rotom|Volt Switch|p1a: Sussy Baka\n|-resisted|p1a: Sussy Baka\n|-damage|p1a: Sussy Baka|15/100\n|\n|t:|1760988412\n|switch|p2a: Darmanitan|Darmanitan-Galar, F|68/100|[from] Volt Switch\n|\n|-activate|p1a: Sussy Baka|ability: Ejected\n|upkeep\n|c|☆L_Torchic_L|i love pivot\n|\n|t:|1760988422\n|-heal|p1a: Sussy Baka|35/100|[from] ability: Ejected\n|switch|p1a: William Afton|Paleogeist, M, shiny, tera:Water|77/100\n|-damage|p1a: William Afton|65/100|[from] Stealth Rock\n|turn|33\n|\n|t:|1760988438\n|move|p2a: Darmanitan|U-turn|p1a: William Afton\n|-damage|p1a: William Afton|42/100\n|-damage|p2a: Darmanitan|51/100|[from] item: Rocky Helmet|[of] p1a: William Afton\n|\n|t:|1760988439\n|switch|p2a: Rotom|Rotom-Wash|17/100|[from] U-turn\n|move|p1a: William Afton|Slack Off|p1a: William Afton\n|-heal|p1a: William Afton|92/100\n|\n|upkeep\n|turn|34\n|\n|t:|1760988447\n|switch|p1a: Sussy Baka|Amoonguss-Mega, F|35/100\n|-damage|p1a: Sussy Baka|23/100|[from] Stealth Rock\n|move|p2a: Rotom|Volt Switch|p1a: Sussy Baka\n|-resisted|p1a: Sussy Baka\n|-damage|p1a: Sussy Baka|13/100\n|c|☆L_Torchic_L|why are we doing this D:\n|\n|t:|1760988458\n|switch|p2a: Darmanitan|Darmanitan-Galar, F|51/100|[from] Volt Switch\n|\n|-activate|p1a: Sussy Baka|ability: Ejected\n|upkeep\n|\n|t:|1760988467\n|-heal|p1a: Sussy Baka|33/100|[from] ability: Ejected\n|switch|p1a: William Afton|Paleogeist, M, shiny, tera:Water|92/100\n|-damage|p1a: William Afton|80/100|[from] Stealth Rock\n|turn|35\n|\n|t:|1760988488\n|move|p2a: Darmanitan|Icicle Crash|p1a: William Afton\n|-resisted|p1a: William Afton\n|-damage|p1a: William Afton|61/100\n|move|p1a: William Afton|Rock Wrecker|p2a: Darmanitan|[miss]\n|-miss|p1a: William Afton|p2a: Darmanitan\n|\n|upkeep\n|turn|36\n|\n|t:|1760988497\n|switch|p2a: Rotom|Rotom-Wash|17/100\n|move|p1a: William Afton|Slack Off|p1a: William Afton\n|-heal|p1a: William Afton|100/100\n|\n|upkeep\n|turn|37\n|\n|t:|1760988508\n|switch|p1a: Sussy Baka|Amoonguss-Mega, F|33/100\n|-damage|p1a: Sussy Baka|20/100|[from] Stealth Rock\n|move|p2a: Rotom|Thunder Wave|p1a: Sussy Baka\n|-status|p1a: Sussy Baka|par\n|\n|-activate|p1a: Sussy Baka|ability: Ejected\n|upkeep\n|\n|t:|1760988524\n|-heal|p1a: Sussy Baka|40/100 par|[from] ability: Ejected\n|switch|p1a: Click|Iron Pixel, F, shiny|100/100\n|-damage|p1a: Click|88/100|[from] Stealth Rock\n|turn|38\n|\n|t:|1760988537\n|-end|p1a: Click|Quark Drive|[silent]\n|switch|p1a: Sussy Baka|Amoonguss-Mega, F|40/100 par\n|-damage|p1a: Sussy Baka|28/100 par|[from] Stealth Rock\n|move|p2a: Rotom|Hydro Pump|p1a: Sussy Baka|[miss]\n|-miss|p2a: Rotom|p1a: Sussy Baka\n|\n|-activate|p1a: Sussy Baka|ability: Ejected\n|upkeep\n|\n|t:|1760988550\n|-heal|p1a: Sussy Baka|48/100 par|[from] ability: Ejected\n|switch|p1a: False Prophet|Type: Null, shiny|63/100\n|-damage|p1a: False Prophet|51/100|[from] Stealth Rock\n|turn|39\n|\n|t:|1760988563\n|switch|p1a: Sussy Baka|Amoonguss-Mega, F|48/100 par\n|-damage|p1a: Sussy Baka|36/100 par|[from] Stealth Rock\n|move|p2a: Rotom|Thunder Wave|p1a: Sussy Baka\n|-fail|p1a: Sussy Baka|par\n|\n|-activate|p1a: Sussy Baka|ability: Ejected\n|upkeep\n|\n|t:|1760988573\n|-heal|p1a: Sussy Baka|56/100 par|[from] ability: Ejected\n|switch|p1a: False Prophet|Type: Null, shiny|51/100\n|-damage|p1a: False Prophet|38/100|[from] Stealth Rock\n|turn|40\n|\n|t:|1760988585\n|switch|p1a: Sussy Baka|Amoonguss-Mega, F|56/100 par\n|-damage|p1a: Sussy Baka|43/100 par|[from] Stealth Rock\n|move|p2a: Rotom|Volt Switch|p1a: Sussy Baka\n|-resisted|p1a: Sussy Baka\n|-damage|p1a: Sussy Baka|32/100 par\n|\n|t:|1760988592\n|switch|p2a: Darmanitan|Darmanitan-Galar, F|51/100|[from] Volt Switch\n|\n|-activate|p1a: Sussy Baka|ability: Ejected\n|upkeep\n|\n|t:|1760988598\n|-heal|p1a: Sussy Baka|52/100 par|[from] ability: Ejected\n|switch|p1a: William Afton|Paleogeist, M, shiny, tera:Water|100/100\n|-damage|p1a: William Afton|88/100|[from] Stealth Rock\n|turn|41\n|\n|t:|1760988604\n|switch|p2a: Rotom|Rotom-Wash|17/100\n|move|p1a: William Afton|Rock Wrecker|p2a: Rotom\n|-damage|p2a: Rotom|0 fnt\n|faint|p2a: Rotom\n|\n|upkeep\n|\n|t:|1760988606\n|switch|p2a: Darmanitan|Darmanitan-Galar, F|51/100\n|turn|42\n|c|☆L_Torchic_L|ggwp\n|\n|t:|1760988612\n|move|p2a: Darmanitan|Icicle Crash|p1a: William Afton|[miss]\n|-miss|p2a: Darmanitan|p1a: William Afton\n|move|p1a: William Afton|Rock Wrecker|p2a: Darmanitan\n|-supereffective|p2a: Darmanitan\n|-damage|p2a: Darmanitan|0 fnt\n|faint|p2a: Darmanitan\n|\n|win|john961\n|c|☆john961|gg\n|c|☆L_Torchic_L|mega amoongus man\n|c|☆L_Torchic_L|what a mon\n|c|☆L_Torchic_L|have you got replay?\n|c|☆john961|it keeps saying not found\n","players":["john961","L_Torchic_L"],"format":"[Gen 9] NatDex Draft","rating":null,"private":0,"password":null,"inputlog":">version f5040886e674df30a81d8aa6703a640b23e7a073\n>start {\"formatid\":\"gen9natdexdraft@@@Tera Type Preview\",\"seed\":\"sodium,4cb7eb589ead494c7939f3f62163378b\"}\n>player p1 {\"name\":\"john961\",\"avatar\":\"miku-flying\",\"team\":\"William Afton|Paleogeist|RockyHelmet|SheerWillpower|RockWrecker,HammerArm,SlackOff,SwordsDance|Impish|248,8,252,,,|M||S||,,,,,Water]Click|IronPixel|AssaultVest|QuarkDrive|SludgeWave,Thunderbolt,IcyWind,VoltSwitch|Timid|,,,252,8,248|F|,0,,,,|S||,,,,,Poison]Metal Gear|IronGear|BoosterEnergy|QuarkDrive|Psychic,Thunderbolt,Recover,CalmMind|Timid|,,,156,168,184|M|,0,,,,|S||,,,,,Psychic]Sussy Baka|Amoonguss|Vent|EffectSpore|SludgeBomb,FoulPlay,Spore,Synthesis|Bold|248,,252,,8,|F|,0,,,,|||,,,,,Grass]Mr. Mosquito|Buzzwole|ChoiceScarf|BeastBoost|CloseCombat,ThunderPunch,DarkestLariat,IcePunch|Jolly|,252,4,,,252|N||S||,,,,,Bug]False Prophet|TypeNull|Eviolite|BattleArmor|Uturn,IcyWind,Rest,SleepTalk|Sassy|248,8,,,252,|N||S||,,,,,Normal\",\"rating\":0}\n>player p2 {\"name\":\"L_Torchic_L\",\"avatar\":\"benga\",\"team\":\"Dragapult||ChoiceSpecs|Infiltrator|DragonPulse,ShadowBall,Thunderbolt,Surf|Timid|4,,,252,,252|F|,0,,,,|||,,,,,Dragon]Rotom|RotomWash|HeavyDutyBoots|Levitate|Defog,VoltSwitch,ThunderWave,HydroPump|Bold|252,,208,48,,|N|,0,,,,|||,,,,,Electric]Skarmory||RockyHelmet|Sturdy|Counter,Roost,StealthRock,Whirlwind|Impish|252,,252,,4,|M|,0,,,,|||,,,,,Steel]Kingambit||HeavyDutyBoots|SupremeOverlord|SwordsDance,SuckerPunch,KowtowCleave,IronHead|Adamant|148,252,,,108,|M||||,,,,,Fairy]Swellow||Swellowite|Guts|Boomburst,QuickAttack,Uturn,Roost|Naughty|4,172,,56,,252|F||||,,,,,Normal]Darmanitan|DarmanitanGalar|ChoiceScarf|GorillaTactics|IcicleCrash,FlareBlitz,IronHead,Uturn|Adamant|4,252,,,,252|F||||,,,,,Ice\",\"rating\":0}\n>chat ☆L_Torchic_L|yo\n>chat ☆L_Torchic_L|LETS DO IT\n>chat ☆john961|glhf\n>chat ☆L_Torchic_L|glhf\n>p1 team 4, 2, 3, 1, 5, 6\n>p2 team 6, 2, 3, 4, 5, 1\n>p1 move spore mega\n>p2 move iciclecrash\n>chat ☆L_Torchic_L|wtf\n>chat ☆L_Torchic_L|thaat spdf is crazy\n>chat ☆L_Torchic_L|i mean\n>chat ☆L_Torchic_L|def\n>chat ☆L_Torchic_L|not its not\n>chat ☆L_Torchic_L|the hp\n>p1 switch 4\n>chat ☆L_Torchic_L|is crazy\n>p1 move swordsdance terastallize\n>p2 switch 3\n>p1 move rockwrecker\n>p2 move counter\n>chat ☆L_Torchic_L|DANG\n>chat ☆L_Torchic_L|why did it miss\n>chat ☆john961|why did you flich me when I lost on spore smh\n>chat ☆L_Torchic_L|the universe knows spore is a bad move\n>p1 move hammerarm\n>p2 move whirlwind\n>chat ☆L_Torchic_L|sparks\n>p1 switch 4\n>p2 move roost\n>chat ~SparksTheNeo|hi\n>chat ☆L_Torchic_L|yknow how in za there are new megas\n>chat ~SparksTheNeo|yur\n>p1 switch 2\n>chat ☆L_Torchic_L|are we gunna get any of these replaced?\n>chat ~SparksTheNeo|renamed prob\n>p1 move voltswitch\n>p2 switch 2\n>p1 switch 2\n>p1 move spore\n>p2 switch 5\n>p1 move sludgebomb\n>p2 move uturn mega\n>chat ☆L_Torchic_L|jesus\n>chat ☆L_Torchic_L|christ\n>p1 switch 2\n>p2 switch 2\n>p1 move thunderbolt\n>p2 switch 2\n>p2 switch 4\n>p1 move voltswitch\n>p2 move swordsdance\n>p1 switch 2\n>p1 move spore\n>p2 move kowtowcleave\n>chat ☆L_Torchic_L|i hate that thing so much\n>p1 switch 2\n>p1 move thunderbolt\n>p2 move kowtowcleave\n>p1 switch 5\n>p2 move suckerpunch\n>p1 move closecombat\n>p2 switch 2\n>p1 switch 5\n>p2 move roost\n>p1 move thunderbolt\n>p2 move stealthrock\n>chat ☆L_Torchic_L|expected you to read\n>chat ☆L_Torchic_L|uhh\n>p1 move voltswitch\n>p2 move roost\n>p1 switch 2\n>p1 switch 5\n>p2 switch 2\n>chat ☆L_Torchic_L|huh\n>chat ☆L_Torchic_L|im so confused\n>chat ☆john961|its a little sus\n>chat ~SparksTheNeo|at the end of the turn if mega amooguss has less than 1/2 health it switches out\n>chat ☆L_Torchic_L|i hate that thing\n>p1 move darkestlariat\n>p2 move ironhead terastallize\n>p1 move darkestlariat\n>p2 switch 5\n>p1 switch 5\n>p2 move voltswitch\n>p2 switch 3\n>p1 switch 6\n>p1 move rockwrecker\n>p2 move uturn\n>p2 switch 6\n>chat ☆L_Torchic_L|did not mean to do that\n>p1 switch 4\n>p2 move dragonpulse\n>p1 move icywind\n>p2 switch 3\n>p1 move uturn\n>p2 move voltswitch\n>p1 switch 6\n>p2 switch 3\n>p1 switch 5\n>p1 move darkestlariat\n>p2 move shadowball\n>chat ☆L_Torchic_L|scarf\n>chat ☆L_Torchic_L|huh\n>chat ☆L_Torchic_L|not its boots\n>chat ☆L_Torchic_L|no its not\n>chat ☆L_Torchic_L|scarf\n>p2 switch 5\n>p1 move darkestlariat\n>p2 move suckerpunch\n>p1 switch 4\n>p1 move slackoff\n>p2 move suckerpunch\n>p1 move rockwrecker\n>p2 move suckerpunch\n>p2 switch 3\n>p1 switch 5\n>p2 move voltswitch\n>p2 switch 6\n>p1 switch 5\n>p1 move slackoff\n>p2 move uturn\n>p2 switch 6\n>p1 switch 5\n>p2 move voltswitch\n>p2 switch 6\n>chat ☆L_Torchic_L|i love pivot\n>p1 switch 5\n>p1 move slackoff\n>p2 move uturn\n>p2 switch 6\n>p1 switch 5\n>p2 move voltswitch\n>chat ☆L_Torchic_L|why are we doing this D:\n>p2 switch 6\n>p1 switch 5\n>p1 move rockwrecker\n>p2 move iciclecrash\n>p1 move slackoff\n>p2 switch 6\n>p1 switch 5\n>p2 move thunderwave\n>p1 switch 2\n>p1 switch 2\n>p2 move hydropump\n>p1 switch 6\n>p1 switch 6\n>p2 move thunderwave\n>p1 switch 6\n>p1 switch 6\n>p2 move voltswitch\n>p2 switch 6\n>p1 switch 5\n>p1 move rockwrecker\n>p2 switch 6\n>p2 switch 6\n>chat ☆L_Torchic_L|ggwp\n>p1 move rockwrecker\n>p2 move iciclecrash","uploadtime":1760988655}