{"id":"gen9natdexdraft-207","log":"|j|☆wpicfish\n|j|☆CretaceousDraconid\n|t:|1766185736\n|gametype|singles\n|player|p1|wpicfish|265|\n|player|p2|CretaceousDraconid|zinnia-masters|\n|gen|9\n|tier|[Gen 9] NatDex Draft\n|rule|Sleep Clause Mod: Limit one foe put to sleep\n|rule|OHKO Clause: OHKO moves are banned\n|rule|Evasion Clause: Evasion abilities, items, and moves are banned\n|rule|Evasion Abilities Clause: Evasion abilities are banned\n|rule|Evasion Items Clause: Evasion items are banned\n|rule|Evasion Moves Clause: Evasion moves are banned\n|rule|Endless Battle Clause: Forcing endless battles is banned\n|rule|HP Percentage Mod: HP is shown in percentages\n|clearpoke\n|poke|p1|Hippowdon, M|\n|poke|p1|Iron Bundle|\n|poke|p1|Excadrill, F|\n|poke|p1|Azumarill, F|\n|poke|p1|Rotom-Heat|\n|poke|p1|Overqwil, F|\n|poke|p2|Sandaconda, F|\n|poke|p2|Darkrai|\n|poke|p2|Pyroar, M|\n|poke|p2|Thundurus-Therian, M|\n|poke|p2|Hatterene, F|\n|poke|p2|Pecharunt|\n|teampreview\n|c|☆CretaceousDraconid|glhf\n|c|☆wpicfish|glhf\n|\n|t:|1766185888\n|teamsize|p1|6\n|teamsize|p2|6\n|start\n|switch|p1a: Rotom|Rotom-Heat|100/100\n|switch|p2a: Pkmn Legends ZU|Pyroar, M|100/100\n|turn|1\n|\n|t:|1766185897\n|detailschange|p2a: Pkmn Legends ZU|Pyroar-Mega-ZA, M\n|-mega|p2a: Pkmn Legends ZU|Pyroar|PyroariteZA\n|-weather|SunnyDay|[from] ability: Drought|[of] p2a: Pkmn Legends ZU\n|move|p2a: Pkmn Legends ZU|Hyper Voice|p1a: Rotom\n|-damage|p1a: Rotom|48/100\n|move|p1a: Rotom|Volt Switch|p2a: Pkmn Legends ZU\n|-damage|p2a: Pkmn Legends ZU|65/100\n|\n|t:|1766185940\n|switch|p1a: Hippowdon|Hippowdon, M|100/100|[from] Volt Switch\n|-weather|Sandstorm|[from] ability: Sand Stream|[of] p1a: Hippowdon\n|\n|-weather|Sandstorm|[upkeep]\n|-damage|p2a: Pkmn Legends ZU|59/100|[from] Sandstorm\n|upkeep\n|turn|2\n|\n|t:|1766186014\n|move|p2a: Pkmn Legends ZU|Will-O-Wisp|p1a: Hippowdon\n|-status|p1a: Hippowdon|brn\n|move|p1a: Hippowdon|Earthquake|p2a: Pkmn Legends ZU\n|-supereffective|p2a: Pkmn Legends ZU\n|-damage|p2a: Pkmn Legends ZU|12/100\n|\n|-weather|Sandstorm|[upkeep]\n|-damage|p2a: Pkmn Legends ZU|6/100|[from] Sandstorm\n|-damage|p1a: Hippowdon|94/100 brn|[from] brn\n|upkeep\n|turn|3\n|\n|t:|1766186026\n|switch|p2a: If the hatt fits|Hatterene, F|100/100\n|move|p1a: Hippowdon|Earthquake|p2a: If the hatt fits\n|-damage|p2a: If the hatt fits|76/100\n|\n|-weather|Sandstorm|[upkeep]\n|-damage|p2a: If the hatt fits|70/100|[from] Sandstorm\n|-heal|p1a: Hippowdon|100/100 brn|[from] item: Leftovers\n|-damage|p1a: Hippowdon|94/100 brn|[from] brn\n|upkeep\n|turn|4\n|\n|t:|1766186130\n|switch|p1a: Overqwil|Overqwil, F|100/100\n|-ability|p1a: Overqwil|Intimidate|boost\n|-unboost|p2a: If the hatt fits|atk|1\n|move|p2a: If the hatt fits|Mystical Fire|p1a: Overqwil\n|-damage|p1a: Overqwil|60/100\n|-unboost|p1a: Overqwil|spa|1\n|\n|-weather|Sandstorm|[upkeep]\n|-damage|p1a: Overqwil|54/100|[from] Sandstorm\n|-damage|p2a: If the hatt fits|64/100|[from] Sandstorm\n|-heal|p1a: Overqwil|60/100|[from] item: Leftovers\n|upkeep\n|turn|5\n|\n|t:|1766186138\n|switch|p2a: King Con|Sandaconda, F|100/100\n|move|p1a: Overqwil|Poison Jab|p2a: King Con\n|-resisted|p2a: King Con\n|-damage|p2a: King Con|88/100\n|\n|-weather|none\n|-heal|p1a: Overqwil|67/100|[from] item: Leftovers\n|upkeep\n|turn|6\n|\n|t:|1766186334\n|switch|p1a: Rotom|Rotom-Heat|48/100\n|move|p2a: King Con|Stealth Rock|p1a: Rotom\n|-sidestart|p1: wpicfish|move: Stealth Rock\n|\n|upkeep\n|turn|7\n|\n|t:|1766186346\n|switch|p2a: Pkmn Legends ZU|Pyroar-Mega-ZA, M|6/100\n|-weather|SunnyDay|[from] ability: Drought|[of] p2a: Pkmn Legends ZU\n|move|p1a: Rotom|Will-O-Wisp|p2a: Pkmn Legends ZU\n|-immune|p2a: Pkmn Legends ZU\n|\n|-weather|SunnyDay|[upkeep]\n|upkeep\n|turn|8\n|\n|t:|1766186432\n|switch|p2a: King Con|Sandaconda, F|88/100\n|move|p1a: Rotom|Volt Switch|p2a: King Con\n|-immune|p2a: King Con\n|\n|-weather|SunnyDay|[upkeep]\n|upkeep\n|turn|9\n|\n|t:|1766186551\n|switch|p2a: Pkmn Legends ZU|Pyroar-Mega-ZA, M|6/100\n|move|p1a: Rotom|Overheat|p2a: Pkmn Legends ZU\n|-resisted|p2a: Pkmn Legends ZU\n|-damage|p2a: Pkmn Legends ZU|0 fnt\n|-unboost|p1a: Rotom|spa|2\n|faint|p2a: Pkmn Legends ZU\n|detailschange|p2: Pkmn Legends ZU|Pyroar, M|[silent]\n|\n|-weather|SunnyDay|[upkeep]\n|upkeep\n|\n|t:|1766186561\n|switch|p2a: Professor Blakk|Darkrai|100/100\n|turn|10\n|\n|t:|1766186595\n|move|p2a: Professor Blakk|Dark Pulse|p1a: Rotom\n|-damage|p1a: Rotom|4/100\n|move|p1a: Rotom|Volt Switch|p2a: Professor Blakk\n|-damage|p2a: Professor Blakk|85/100\n|\n|t:|1766186621\n|switch|p1a: Azumarill|Azumarill, F|100/100|[from] Volt Switch\n|-damage|p1a: Azumarill|88/100|[from] Stealth Rock\n|\n|-weather|SunnyDay|[upkeep]\n|upkeep\n|turn|11\n|\n|t:|1766186639\n|switch|p2a: ThundurBlundur|Thundurus-Therian, M|100/100\n|move|p1a: Azumarill|Play Rough|p2a: ThundurBlundur\n|-damage|p2a: ThundurBlundur|55/100\n|-unboost|p2a: ThundurBlundur|atk|1\n|\n|-weather|none\n|upkeep\n|turn|12\n|c|☆CretaceousDraconid|gng lowkey i need to go out soon so can we step on the gas a little sorry 😭 🙏\n|\n|t:|1766186836\n|move|p2a: ThundurBlundur|U-turn|p1a: Azumarill\n|-resisted|p1a: Azumarill\n|-damage|p1a: Azumarill|83/100\n|\n|t:|1766186839\n|switch|p2a: Pecha Bridge Spam|Pecharunt|100/100|[from] U-turn\n|move|p1a: Azumarill|Ice Spinner|p2a: Pecha Bridge Spam\n|-damage|p2a: Pecha Bridge Spam|86/100\n|-damage|p1a: Azumarill|66/100|[from] item: Rocky Helmet|[of] p2a: Pecha Bridge Spam\n|\n|upkeep\n|turn|13\n|\n|t:|1766186897\n|switch|p1a: Overqwil|Overqwil, F|67/100\n|-damage|p1a: Overqwil|54/100|[from] Stealth Rock\n|-ability|p1a: Overqwil|Intimidate|boost\n|-unboost|p2a: Pecha Bridge Spam|atk|1\n|move|p2a: Pecha Bridge Spam|Malignant Chain|p1a: Overqwil\n|-resisted|p1a: Overqwil\n|-damage|p1a: Overqwil|32/100\n|\n|-heal|p1a: Overqwil|39/100|[from] item: Leftovers\n|upkeep\n|turn|14\n|\n|t:|1766186907\n|move|p2a: Pecha Bridge Spam|Parting Shot|p1a: Overqwil\n|-unboost|p1a: Overqwil|atk|1\n|-unboost|p1a: Overqwil|spa|1\n|\n|t:|1766186911\n|switch|p2a: King Con|Sandaconda, F|88/100|[from] Parting Shot\n|move|p1a: Overqwil|Throat Chop|p2a: King Con\n|-damage|p2a: King Con|72/100\n|-start|p2a: King Con|Throat Chop|[silent]\n|\n|-heal|p1a: Overqwil|45/100|[from] item: Leftovers\n|upkeep\n|turn|15\n|\n|t:|1766186968\n|switch|p1a: Hippowdon|Hippowdon, M|94/100 brn\n|-damage|p1a: Hippowdon|88/100 brn|[from] Stealth Rock\n|-weather|Sandstorm|[from] ability: Sand Stream|[of] p1a: Hippowdon\n|switch|p2a: Professor Blakk|Darkrai|85/100\n|\n|-weather|Sandstorm|[upkeep]\n|-damage|p2a: Professor Blakk|79/100|[from] Sandstorm\n|-heal|p1a: Hippowdon|94/100 brn|[from] item: Leftovers\n|-damage|p1a: Hippowdon|88/100 brn|[from] brn\n|upkeep\n|turn|16\n|\n|t:|1766187057\n|move|p2a: Professor Blakk|Dark Pulse|p1a: Hippowdon\n|-damage|p1a: Hippowdon|53/100 brn\n|move|p1a: Hippowdon|Earthquake|p2a: Professor Blakk\n|-damage|p2a: Professor Blakk|55/100\n|\n|-weather|Sandstorm|[upkeep]\n|-damage|p2a: Professor Blakk|48/100|[from] Sandstorm\n|-heal|p1a: Hippowdon|59/100 brn|[from] item: Leftovers\n|-damage|p1a: Hippowdon|53/100 brn|[from] brn\n|upkeep\n|turn|17\n|\n|t:|1766187068\n|move|p2a: Professor Blakk|Dark Pulse|p1a: Hippowdon\n|-damage|p1a: Hippowdon|22/100 brn\n|move|p1a: Hippowdon|Stealth Rock|p2a: Professor Blakk\n|-sidestart|p2: CretaceousDraconid|move: Stealth Rock\n|\n|-weather|Sandstorm|[upkeep]\n|-damage|p2a: Professor Blakk|42/100|[from] Sandstorm\n|-heal|p1a: Hippowdon|28/100 brn|[from] item: Leftovers\n|-damage|p1a: Hippowdon|22/100 brn|[from] brn\n|upkeep\n|turn|18\n|\n|t:|1766187072\n|move|p2a: Professor Blakk|Dark Pulse|p1a: Hippowdon\n|-damage|p1a: Hippowdon|0 fnt\n|faint|p1a: Hippowdon\n|\n|-weather|Sandstorm|[upkeep]\n|-damage|p2a: Professor Blakk|36/100|[from] Sandstorm\n|upkeep\n|\n|t:|1766187079\n|switch|p1a: Excadrill|Excadrill, F|100/100\n|-damage|p1a: Excadrill|97/100|[from] Stealth Rock\n|turn|19\n|\n|t:|1766187098\n|switch|p2a: King Con|Sandaconda, F|72/100\n|-damage|p2a: King Con|66/100|[from] Stealth Rock\n|move|p1a: Excadrill|Iron Head|p2a: King Con\n|-damage|p2a: King Con|40/100\n|\n|-weather|none\n|upkeep\n|turn|20\n|\n|t:|1766187166\n|switch|p1a: Rotom|Rotom-Heat|4/100\n|move|p2a: King Con|Endure||[still]\n|-fail|p2a: King Con\n|\n|upkeep\n|turn|21\n|\n|t:|1766187185\n|switch|p2a: Pecha Bridge Spam|Pecharunt|86/100\n|-damage|p2a: Pecha Bridge Spam|74/100|[from] Stealth Rock\n|move|p1a: Rotom|Overheat|p2a: Pecha Bridge Spam\n|-damage|p2a: Pecha Bridge Spam|24/100\n|-unboost|p1a: Rotom|spa|2\n|\n|upkeep\n|turn|22\n|\n|t:|1766187198\n|move|p1a: Rotom|Overheat|p2a: Pecha Bridge Spam\n|-damage|p2a: Pecha Bridge Spam|0 fnt\n|-unboost|p1a: Rotom|spa|2\n|faint|p2a: Pecha Bridge Spam\n|\n|upkeep\n|\n|t:|1766187216\n|switch|p2a: ThundurBlundur|Thundurus-Therian, M|55/100\n|turn|23\n|\n|t:|1766187267\n|move|p1a: Rotom|Will-O-Wisp|p2a: ThundurBlundur\n|-status|p2a: ThundurBlundur|brn\n|move|p2a: ThundurBlundur|U-turn|p1a: Rotom\n|-resisted|p1a: Rotom\n|-crit|p1a: Rotom\n|-damage|p1a: Rotom|0 fnt\n|faint|p1a: Rotom\n|\n|t:|1766187276\n|switch|p2a: Professor Blakk|Darkrai|36/100|[from] U-turn\n|-damage|p2a: Professor Blakk|24/100|[from] Stealth Rock\n|\n|upkeep\n|\n|t:|1766187303\n|switch|p1a: Azumarill|Azumarill, F|66/100\n|-damage|p1a: Azumarill|53/100|[from] Stealth Rock\n|turn|24\n|\n|t:|1766187308\n|move|p1a: Azumarill|Aqua Jet|p2a: Professor Blakk\n|-damage|p2a: Professor Blakk|0 fnt\n|faint|p2a: Professor Blakk\n|\n|upkeep\n|\n|t:|1766187320\n|switch|p2a: ThundurBlundur|Thundurus-Therian, M|55/100 brn\n|turn|25\n|\n|t:|1766187337\n|move|p2a: ThundurBlundur|Focus Blast|p1a: Azumarill\n|-resisted|p1a: Azumarill\n|-damage|p1a: Azumarill|40/100\n|move|p1a: Azumarill|Ice Spinner|p2a: ThundurBlundur\n|-supereffective|p2a: ThundurBlundur\n|-damage|p2a: ThundurBlundur|0 fnt\n|faint|p2a: ThundurBlundur\n|\n|upkeep\n|\n|t:|1766187341\n|switch|p2a: If the hatt fits|Hatterene, F|64/100\n|-damage|p2a: If the hatt fits|51/100|[from] Stealth Rock\n|turn|26\n|c|☆CretaceousDraconid|darn\n|c|☆CretaceousDraconid|ggwp\n|\n|t:|1766187347\n|move|p2a: If the hatt fits|Giga Drain|p1a: Azumarill\n|-supereffective|p1a: Azumarill\n|-damage|p1a: Azumarill|5/100\n|-heal|p2a: If the hatt fits|77/100|[from] drain|[of] p1a: Azumarill\n|move|p1a: Azumarill|Liquidation|p2a: If the hatt fits\n|-damage|p2a: If the hatt fits|14/100\n|\n|upkeep\n|turn|27\n|\n|t:|1766187353\n|move|p1a: Azumarill|Aqua Jet|p2a: If the hatt fits\n|-damage|p2a: If the hatt fits|0 fnt\n|faint|p2a: If the hatt fits\n|\n|upkeep\n|\n|t:|1766187355\n|switch|p2a: King Con|Sandaconda, F|40/100\n|-damage|p2a: King Con|34/100|[from] Stealth Rock\n|turn|28\n|\n|t:|1766187371\n|move|p1a: Azumarill|Aqua Jet|p2a: King Con\n|-supereffective|p2a: King Con\n|-damage|p2a: King Con|2/100\n|move|p2a: King Con|Earthquake|p1a: Azumarill\n|-damage|p1a: Azumarill|0 fnt\n|faint|p1a: Azumarill\n|\n|upkeep\n|\n|t:|1766187384\n|switch|p1a: Iron Bundle|Iron Bundle|100/100\n|-damage|p1a: Iron Bundle|75/100|[from] Stealth Rock\n|-enditem|p1a: Iron Bundle|Booster Energy\n|-activate|p1a: Iron Bundle|ability: Quark Drive|[fromitem]\n|-start|p1a: Iron Bundle|quarkdrivespe\n|turn|29\n|-enditem|p2a: King Con|Custap Berry|[eat]\n|-activate|p2a: King Con|item: Custap Berry|[consumed]\n|\n|t:|1766187389\n|move|p2a: King Con|Glare|p1a: Iron Bundle\n|-status|p1a: Iron Bundle|par\n|move|p1a: Iron Bundle|Freeze-Dry|p2a: King Con\n|-supereffective|p2a: King Con\n|-damage|p2a: King Con|0 fnt\n|faint|p2a: King Con\n|\n|win|wpicfish\n|c|☆wpicfish|gg\n|c|☆wpicfish|sorry for taking so long\n","players":["wpicfish","CretaceousDraconid"],"format":"[Gen 9] NatDex Draft","rating":null,"private":0,"password":null,"inputlog":">version 70ff1c5c3b10eeefd4710e4a7bd4ad394baca9cc\n>start {\"formatid\":\"gen9natdexdraft\",\"seed\":\"sodium,4e29738e504c6bc9e6291761edb84812\"}\n>player p1 {\"name\":\"wpicfish\",\"avatar\":\"265\",\"team\":\"Hippowdon||Leftovers|SandStream|IceFang,Earthquake,StealthRock,SlackOff|Careful|244,68,,,196,|M||||,,,,,Ground]Iron Bundle||BoosterEnergy|QuarkDrive|FreezeDry,IceBeam,HydroPump,FlipTurn|Modest|44,,,212,,252|N||||,,,,,Ice]Excadrill||ExcadriteZA|SandRush|RapidSpin,Earthquake,IronHead,RockSlide|Jolly|16,252,,,,240|F||||,,,,,Ground]Azumarill||AssaultVest|HugePower|AquaJet,Liquidation,PlayRough,IceSpinner|Adamant|244,200,,,64,|F||||,,,,,Water]Rotom|RotomHeat|HeavyDutyBoots|Levitate|Overheat,VoltSwitch,Defog,WillOWisp|Timid|244,,,40,56,168|N|,0,,,,|||,,,,,Electric]Overqwil||Leftovers|Intimidate|ThroatChop,PoisonJab,Taunt,Spikes|Adamant|244,128,136,,,|F||||,,,,,Dark\",\"rating\":0}\n>player p2 {\"name\":\"CretaceousDraconid\",\"avatar\":\"zinnia-masters\",\"team\":\"King Con|Sandaconda|CustapBerry|ShedSkin|Glare,Earthquake,StealthRock,Endure|Impish|252,,252,,,4|F||||,,,,,Ground]Professor Blakk|Darkrai|ChoiceScarf|BadDreams|DarkPulse,SludgeBomb,Trick,FocusBlast|Timid|120,,,252,,136|N|,0,,,,|||,,,,,Dark]Pkmn Legends ZU|Pyroar|PyroariteZA|Rivalry|WillOWisp,Overheat,HyperVoice,Flamethrower|Modest|,,4,252,,252|M|,0,,,,|||,,,,,Fire]ThundurBlundur|ThundurusTherian|HeavyDutyBoots|VoltAbsorb|Uturn,Defog,Thunderbolt,FocusBlast|Bold|156,,252,76,,24|M||||,,,,,Electric]If the hatt fits|Hatterene|AssaultVest|MagicBounce|Nuzzle,DrainingKiss,GigaDrain,MysticalFire|Modest|84,,,252,,172|F||||,,,,,Psychic]Pecha Bridge Spam|Pecharunt|RockyHelmet|PoisonPuppeteer|MalignantChain,PartingShot,Hex,Recover|Bold|252,,228,,,28|N|,0,,,,|||,,,,,Poison\",\"rating\":0}\n>chat ☆CretaceousDraconid|glhf\n>chat ☆wpicfish|glhf\n>p1 team 5, 2, 3, 4, 1, 6\n>p2 team 3, 2, 1, 4, 5, 6\n>p1 move voltswitch\n>p2 move hypervoice mega\n>p1 switch 5\n>p1 move earthquake\n>p2 move willowisp\n>p1 move earthquake\n>p2 switch 5\n>p1 switch 6\n>p2 move mysticalfire\n>p1 move poisonjab\n>p2 switch 3\n>p1 switch 5\n>p2 move stealthrock\n>p1 move willowisp\n>p2 switch 5\n>p1 move voltswitch\n>p2 switch 5\n>p1 move overheat\n>p2 switch 5\n>p2 switch 2\n>p1 move voltswitch\n>p2 move darkpulse\n>p1 switch 4\n>p1 move playrough\n>p2 switch 4\n>chat ☆CretaceousDraconid|gng lowkey i need to go out soon so can we step on the gas a little sorry 😭 🙏\n>p1 move icespinner\n>p2 move uturn\n>p2 switch 6\n>p1 switch 5\n>p2 move malignantchain\n>p1 move throatchop\n>p2 move partingshot\n>p2 switch 5\n>p1 switch 6\n>p2 switch 4\n>p1 move earthquake\n>p2 move darkpulse\n>p1 move stealthrock\n>p2 move darkpulse\n>p1 move earthquake\n>p2 move darkpulse\n>p1 switch 3\n>p1 move ironhead\n>p2 switch 4\n>p1 switch 4\n>p2 move endure\n>p1 move overheat\n>p2 switch 5\n>p1 move overheat\n>p2 move recover\n>p2 switch 6\n>p1 move willowisp\n>p2 move uturn\n>p2 switch 4\n>p1 switch 5\n>p1 move aquajet\n>p2 move sludgebomb\n>p2 switch 4\n>p1 move icespinner\n>p2 move focusblast\n>p2 switch 3\n>chat ☆CretaceousDraconid|darn\n>chat ☆CretaceousDraconid|ggwp\n>p1 move liquidation\n>p2 move gigadrain\n>p1 move aquajet\n>p2 move gigadrain\n>p2 switch 5\n>p1 move aquajet\n>p2 move earthquake\n>p1 switch 2\n>p1 move freezedry\n>p2 move glare","uploadtime":1766187414}