{"id":"gen9natdexdraft-60","log":"|j|☆chub hub\n|j|☆John961\n|t:|1765137380\n|gametype|singles\n|player|p1|chub hub|101|\n|player|p2|John961|1|\n|gen|9\n|tier|[Gen 9] NatDex Draft\n|rule|Tera Type Preview: Tera Types are shown at Team Preview\n|rule|Sleep Clause Mod: Limit one foe put to sleep\n|rule|OHKO Clause: OHKO moves are banned\n|rule|Evasion Clause: Evasion abilities, items, and moves are banned\n|rule|Evasion Abilities Clause: Evasion abilities are banned\n|rule|Evasion Items Clause: Evasion items are banned\n|rule|Evasion Moves Clause: Evasion moves are banned\n|rule|Endless Battle Clause: Forcing endless battles is banned\n|rule|HP Percentage Mod: HP is shown in percentages\n|raw|<div class=\"infobox\"><details class=\"readmore\" open><summary><strong>1 custom rule:</strong></summary> Tera Type Preview</details></div>\n|clearpoke\n|poke|p1|Mamoswine, F|\n|poke|p1|Overqwil, F|\n|poke|p1|Drifblim-Hell, F|\n|poke|p1|Iron Saw, M|\n|poke|p1|Skeledirge, F|\n|poke|p1|Scream Tail|\n|poke|p2|Iron Pixel, M|\n|poke|p2|Amoonguss, M|\n|poke|p2|Paleogeist, M|\n|poke|p2|Iron Gear, M|\n|poke|p2|Gastrodon-East, F|\n|poke|p2|Kabuyeti-Climb, F|\n|raw|chub hub's Tera Types:<br /><psicon pokemon=\"mamoswine\" /><psicon type=\"Ice\" /> / <psicon pokemon=\"overqwil\" /><psicon type=\"Dark\" /> / <psicon pokemon=\"drifblimhell\" /><psicon type=\"Water\" /> / <psicon pokemon=\"ironsaw\" /><psicon type=\"Electric\" /> / <psicon pokemon=\"skeledirge\" /><psicon type=\"Fairy\" /> / <psicon pokemon=\"screamtail\" /><psicon type=\"Fairy\" />\n|raw|John961's Tera Types:<br /><psicon pokemon=\"ironpixel\" /><psicon type=\"Poison\" /> / <psicon pokemon=\"amoonguss\" /><psicon type=\"Grass\" /> / <psicon pokemon=\"paleogeist\" /><psicon type=\"Ghost\" /> / <psicon pokemon=\"irongear\" /><psicon type=\"Psychic\" /> / <psicon pokemon=\"gastrodoneast\" /><psicon type=\"Water\" /> / <psicon pokemon=\"kabuyeticlimb\" /><psicon type=\"Ice\" />\n|teampreview\n|c|☆chub hub|hf fren\n|c|☆John961|glhf\n|j|~SparksTheNeo\n|\n|t:|1765137430\n|teamsize|p1|6\n|teamsize|p2|6\n|start\n|switch|p1a: Iron Saw|Iron Saw, M, shiny|100/100\n|switch|p2a: Pixels|Iron Pixel, M, shiny|100/100\n|-item|p2a: Pixels|Air Balloon\n|turn|1\n|j| umbreonreallysucks\n|\n|t:|1765137446\n|move|p1a: Iron Saw|U-turn|p2a: Pixels\n|-resisted|p2a: Pixels\n|-damage|p2a: Pixels|86/100\n|-enditem|p2a: Pixels|Air Balloon\n|j| GamerNotFound2025\n|\n|t:|1765137474\n|-end|p1a: Iron Saw|Quark Drive|[silent]\n|switch|p1a: Mamoswine|Mamoswine, F, shiny|100/100|[from] U-turn\n|move|p2a: Pixels|Focus Blast|p1a: Mamoswine\n|-supereffective|p1a: Mamoswine\n|-enditem|p1a: Mamoswine|Chople Berry|[eat]\n|-enditem|p1a: Mamoswine|Chople Berry|[weaken]\n|-damage|p1a: Mamoswine|41/100\n|\n|upkeep\n|turn|2\n|c| umbreonreallysucks|Jesus\n|c| umbreonreallysucks|Thats a lot of damage through a chople\n|c| GamerNotFound2025|Oh my god\n|\n|t:|1765137540\n|move|p2a: Pixels|Focus Blast|p1a: Mamoswine\n|-supereffective|p1a: Mamoswine\n|-damage|p1a: Mamoswine|0 fnt\n|faint|p1a: Mamoswine\n|\n|upkeep\n|c| GamerNotFound2025|Wow\n|\n|t:|1765137547\n|switch|p1a: Iron Saw|Iron Saw, M, shiny|100/100\n|turn|3\n|c| umbreonreallysucks|No guard Pixel\n|c|☆chub hub|fr\n|c|☆chub hub|couldnt be me \n|c| umbreonreallysucks|Same\n|\n|t:|1765137589\n|-end|p2a: Pixels|Quark Drive|[silent]\n|switch|p2a: gary d snail|Gastrodon-East, F|100/100\n|move|p1a: Iron Saw|Drill Run|p2a: gary d snail\n|-damage|p2a: gary d snail|83/100\n|\n|-heal|p2a: gary d snail|89/100|[from] item: Leftovers\n|upkeep\n|turn|4\n|\n|t:|1765137600\n|-end|p1a: Iron Saw|Quark Drive|[silent]\n|switch|p1a: Drifblim-Hell|Drifblim-Hell, F|100/100\n|move|p2a: gary d snail|Stealth Rock|p1a: Drifblim-Hell\n|-sidestart|p1: chub hub|move: Stealth Rock\n|\n|-heal|p2a: gary d snail|95/100|[from] item: Leftovers\n|upkeep\n|turn|5\n|\n|t:|1765137627\n|switch|p2a: Pixels|Iron Pixel, M, shiny|86/100\n|detailschange|p1a: Drifblim-Hell|Drifblim-Hell-Mega, F\n|-mega|p1a: Drifblim-Hell|Drifblim-Hell|Drifblimite Hell\n|move|p1a: Drifblim-Hell|Ice Beam|p2a: Pixels\n|-damage|p2a: Pixels|52/100\n|\n|upkeep\n|turn|6\n|\n|t:|1765137653\n|move|p2a: Pixels|Volt Switch|p1a: Drifblim-Hell\n|-supereffective|p1a: Drifblim-Hell\n|-damage|p1a: Drifblim-Hell|50/100\n|\n|t:|1765137661\n|-end|p2a: Pixels|Quark Drive|[silent]\n|switch|p2a: metal gear|Iron Gear, M|100/100|[from] Volt Switch\n|move|p1a: Drifblim-Hell|Scald|p2a: metal gear\n|-damage|p2a: metal gear|43/100\n|\n|upkeep\n|turn|7\n|\n|t:|1765137672\n|switch|p1a: Overqwil|Overqwil, F, shiny|100/100\n|-damage|p1a: Overqwil|88/100|[from] Stealth Rock\n|-ability|p1a: Overqwil|Intimidate|boost\n|-unboost|p2a: metal gear|atk|1\n|move|p2a: metal gear|Psychic Noise|p1a: Overqwil\n|-immune|p1a: Overqwil\n|\n|-heal|p1a: Overqwil|94/100|[from] item: Black Sludge\n|upkeep\n|turn|8\n|\n|t:|1765137682\n|move|p2a: metal gear|Thunder Wave|p1a: Overqwil\n|-status|p1a: Overqwil|par\n|cant|p1a: Overqwil|par\n|\n|-heal|p1a: Overqwil|100/100 par|[from] item: Black Sludge\n|upkeep\n|turn|9\n|l| GamerNotFound2025\n|\n|t:|1765137713\n|-end|p2a: metal gear|Quark Drive|[silent]\n|switch|p2a: yetiiiman|Kabuyeti-Climb, F|100/100\n|-ability|p2a: yetiiiman|Mold Breaker\n|move|p1a: Overqwil|Crunch|p2a: yetiiiman\n|-damage|p2a: yetiiiman|57/100\n|\n|upkeep\n|turn|10\n|\n|t:|1765137737\n|move|p2a: yetiiiman|Earthquake|p1a: Overqwil\n|-supereffective|p1a: Overqwil\n|-damage|p1a: Overqwil|40/100 par\n|move|p1a: Overqwil|Gunk Shot|p2a: yetiiiman\n|-damage|p2a: yetiiiman|0 fnt\n|faint|p2a: yetiiiman\n|\n|-heal|p1a: Overqwil|47/100 par|[from] item: Black Sludge\n|upkeep\n|\n|t:|1765137762\n|switch|p2a: Pixels|Iron Pixel, M, shiny|52/100\n|turn|11\n|\n|t:|1765137780\n|move|p2a: Pixels|Volt Switch|p1a: Overqwil\n|-damage|p1a: Overqwil|14/100 par\n|\n|t:|1765137787\n|-end|p2a: Pixels|Quark Drive|[silent]\n|switch|p2a: sussy baka|Amoonguss, M|100/100|[from] Volt Switch\n|cant|p1a: Overqwil|par\n|\n|-heal|p1a: Overqwil|20/100 par|[from] item: Black Sludge\n|upkeep\n|turn|12\n|j| GamerNotFound2025\n|\n|t:|1765137798\n|switch|p1a: Skeledirge|Skeledirge, F, shiny|100/100\n|-damage|p1a: Skeledirge|76/100|[from] Stealth Rock\n|detailschange|p2a: sussy baka|Amoonguss-Mega, M\n|-mega|p2a: sussy baka|Amoonguss|Vent\n|move|p2a: sussy baka|Hidden Power|p1a: Skeledirge\n|-supereffective|p1a: Skeledirge\n|-damage|p1a: Skeledirge|36/100\n|\n|upkeep\n|turn|13\n|c| GamerNotFound2025|That's allowed?\n|c|☆John961|yes\n|c| umbreonreallysucks|Yea\n|c|~SparksTheNeo|been allowed all season\n|c| GamerNotFound2025|I've gone through the entirety season not knowing that\n|\n|t:|1765137832\n|move|p1a: Skeledirge|Slack Off|p1a: Skeledirge\n|-heal|p1a: Skeledirge|86/100\n|move|p2a: sussy baka|Hidden Power|p1a: Skeledirge\n|-supereffective|p1a: Skeledirge\n|-damage|p1a: Skeledirge|47/100\n|\n|upkeep\n|turn|14\n|c| GamerNotFound2025|Read gamer\n|c| GamerNotFound2025|Read\n|\n|t:|1765137847\n|move|p1a: Skeledirge|Slack Off|p1a: Skeledirge\n|-heal|p1a: Skeledirge|97/100\n|move|p2a: sussy baka|Spore|p1a: Skeledirge\n|-activate|p1a: Skeledirge|item: Safety Goggles|Spore\n|\n|upkeep\n|turn|15\n|c| umbreonreallysucks|Im pretty sure most people forgot anyways\n|c|☆chub hub|i knew but havent used it yet lmao\n|\n|t:|1765137865\n|-heal|p2a: sussy baka|100/100|[from] ability: Ejected\n|switch|p2a: metal gear|Iron Gear, M|43/100\n|move|p1a: Skeledirge|Torch Song|p2a: metal gear\n|-supereffective|p2a: metal gear\n|-enditem|p2a: metal gear|Occa Berry|[eat]\n|-enditem|p2a: metal gear|Occa Berry|[weaken]\n|-damage|p2a: metal gear|0 fnt\n|-boost|p1a: Skeledirge|spa|1\n|faint|p2a: metal gear\n|-end|p2a: metal gear|Quark Drive|[silent]\n|\n|upkeep\n|c| GamerNotFound2025|Oooooo\n|c|☆chub hub|wouldve been good once or twice im sure\n|c| umbreonreallysucks|W occa\n|\n|t:|1765137880\n|switch|p2a: William Afton|Paleogeist, M|100/100\n|turn|16\n|c|☆chub hub|how tf does this ability work lmao \n|c|~SparksTheNeo|paleo?\n|c|☆chub hub|i thought you had to be put under 50% for ejected\n|c| umbreonreallysucks|Click 2 turn move\n|c| umbreonreallysucks|Oh that one\n|c|~SparksTheNeo|switches end of turn\n|c|☆chub hub|you can pop it whenever?\n|c|☆chub hub|each turn?\n|c| GamerNotFound2025|Yes it's regen\n|c| GamerNotFound2025|+\n|c| GamerNotFound2025|Exit\n|c|~SparksTheNeo|yes, whenever it switches in and end of turn it checks if it's under half\n|c| GamerNotFound2025|Broken ahh\n|c|~SparksTheNeo|if half then exit\n|c|☆chub hub|oh thats ass lol \n|c|☆chub hub|for me \n|\n|t:|1765137956\n|-terastallize|p2a: William Afton|Ghost\n|move|p1a: Skeledirge|Shadow Ball|p2a: William Afton\n|-supereffective|p2a: William Afton\n|-damage|p2a: William Afton|6/100\n|-unboost|p2a: William Afton|spd|1\n|-ability|p2a: William Afton|Sheer Willpower\n|-message|William Afton's Phantom Force hits instantly!\n|move|p2a: William Afton|Phantom Force||[still]\n|-prepare|p2a: William Afton|Phantom Force\n|-anim|p2a: William Afton|Phantom Force|p1a: Skeledirge\n|-supereffective|p1a: Skeledirge\n|-damage|p1a: Skeledirge|0 fnt\n|faint|p1a: Skeledirge\n|\n|upkeep\n|c| GamerNotFound2025|WHAT DO YOU MEAN\n|c| GamerNotFound2025|THAT FUCKING JUST TAKES IT SOB\n|c|☆John961|the evil is gone now\n|c|☆chub hub|fat feller \n|\n|t:|1765138008\n|switch|p1a: Iron Saw|Iron Saw, M, shiny|100/100\n|-damage|p1a: Iron Saw|94/100|[from] Stealth Rock\n|turn|17\n|c| umbreonreallysucks|Paleo is a dumb mon\n|\n|t:|1765138019\n|switch|p2a: sussy baka|Amoonguss-Mega, M|100/100\n|move|p1a: Iron Saw|U-turn|p2a: sussy baka\n|-damage|p2a: sussy baka|89/100\n|\n|t:|1765138023\n|-end|p1a: Iron Saw|Quark Drive|[silent]\n|switch|p1a: Scream Tail|Scream Tail, shiny|100/100|[from] U-turn\n|-damage|p1a: Scream Tail|88/100|[from] Stealth Rock\n|\n|-heal|p1a: Scream Tail|94/100|[from] item: Leftovers\n|upkeep\n|turn|18\n|\n|t:|1765138042\n|move|p1a: Scream Tail|Thunder Wave|p2a: sussy baka\n|-status|p2a: sussy baka|par\n|move|p2a: sussy baka|Spore|p1a: Scream Tail\n|-status|p1a: Scream Tail|slp|[from] move: Spore\n|\n|-heal|p1a: Scream Tail|100/100 slp|[from] item: Leftovers\n|upkeep\n|turn|19\n|c| GamerNotFound2025|Gn\n|\n|t:|1765138052\n|-end|p1a: Scream Tail|Protosynthesis|[silent]\n|switch|p1a: Iron Saw|Iron Saw, M, shiny|94/100\n|-damage|p1a: Iron Saw|88/100|[from] Stealth Rock\n|-heal|p2a: sussy baka|100/100 par|[from] ability: Ejected\n|switch|p2a: William Afton|Paleogeist, M, tera:Ghost|6/100\n|\n|upkeep\n|turn|20\n|\n|t:|1765138064\n|switch|p2a: gary d snail|Gastrodon-East, F|95/100\n|move|p1a: Iron Saw|U-turn|p2a: gary d snail\n|-damage|p2a: gary d snail|80/100\n|\n|t:|1765138069\n|-end|p1a: Iron Saw|Quark Drive|[silent]\n|switch|p1a: Drifblim-Hell|Drifblim-Hell-Mega, F|50/100|[from] U-turn\n|-damage|p1a: Drifblim-Hell|37/100|[from] Stealth Rock\n|\n|-heal|p2a: gary d snail|86/100|[from] item: Leftovers\n|upkeep\n|turn|21\n|\n|t:|1765138082\n|move|p1a: Drifblim-Hell|Strength Sap|p2a: gary d snail\n|-unboost|p2a: gary d snail|atk|1\n|-heal|p1a: Drifblim-Hell|72/100\n|move|p2a: gary d snail|Scald|p1a: Drifblim-Hell\n|-resisted|p1a: Drifblim-Hell\n|-damage|p1a: Drifblim-Hell|62/100\n|-status|p1a: Drifblim-Hell|brn\n|\n|-heal|p2a: gary d snail|92/100|[from] item: Leftovers\n|-damage|p1a: Drifblim-Hell|56/100 brn|[from] brn\n|upkeep\n|turn|22\n|\n|t:|1765138096\n|move|p1a: Drifblim-Hell|Ice Beam|p2a: gary d snail\n|-damage|p2a: gary d snail|63/100\n|move|p2a: gary d snail|Scald|p1a: Drifblim-Hell\n|-resisted|p1a: Drifblim-Hell\n|-damage|p1a: Drifblim-Hell|47/100 brn\n|\n|-heal|p2a: gary d snail|69/100|[from] item: Leftovers\n|-damage|p1a: Drifblim-Hell|41/100 brn|[from] brn\n|upkeep\n|turn|23\n|\n|t:|1765138109\n|move|p1a: Drifblim-Hell|Strength Sap|p2a: gary d snail\n|-unboost|p2a: gary d snail|atk|1\n|-heal|p1a: Drifblim-Hell|64/100 brn\n|move|p2a: gary d snail|Scald|p1a: Drifblim-Hell\n|-resisted|p1a: Drifblim-Hell\n|-damage|p1a: Drifblim-Hell|56/100 brn\n|\n|-heal|p2a: gary d snail|75/100|[from] item: Leftovers\n|-damage|p1a: Drifblim-Hell|49/100 brn|[from] brn\n|upkeep\n|turn|24\n|\n|t:|1765138118\n|move|p1a: Drifblim-Hell|Calm Mind|p1a: Drifblim-Hell\n|-boost|p1a: Drifblim-Hell|spa|1\n|-boost|p1a: Drifblim-Hell|spd|1\n|move|p2a: gary d snail|Scald|p1a: Drifblim-Hell\n|-resisted|p1a: Drifblim-Hell\n|-damage|p1a: Drifblim-Hell|44/100 brn\n|\n|-heal|p2a: gary d snail|81/100|[from] item: Leftovers\n|-damage|p1a: Drifblim-Hell|37/100 brn|[from] brn\n|upkeep\n|turn|25\n|\n|t:|1765138139\n|move|p1a: Drifblim-Hell|Strength Sap|p2a: gary d snail\n|-unboost|p2a: gary d snail|atk|1\n|-heal|p1a: Drifblim-Hell|55/100 brn\n|move|p2a: gary d snail|Scald|p1a: Drifblim-Hell\n|-resisted|p1a: Drifblim-Hell\n|-damage|p1a: Drifblim-Hell|49/100 brn\n|\n|-heal|p2a: gary d snail|87/100|[from] item: Leftovers\n|-damage|p1a: Drifblim-Hell|43/100 brn|[from] brn\n|upkeep\n|turn|26\n|\n|t:|1765138147\n|move|p1a: Drifblim-Hell|Calm Mind|p1a: Drifblim-Hell\n|-boost|p1a: Drifblim-Hell|spa|1\n|-boost|p1a: Drifblim-Hell|spd|1\n|move|p2a: gary d snail|Scald|p1a: Drifblim-Hell\n|-resisted|p1a: Drifblim-Hell\n|-damage|p1a: Drifblim-Hell|39/100 brn\n|\n|-heal|p2a: gary d snail|93/100|[from] item: Leftovers\n|-damage|p1a: Drifblim-Hell|33/100 brn|[from] brn\n|upkeep\n|turn|27\n|\n|t:|1765138156\n|move|p1a: Drifblim-Hell|Strength Sap|p2a: gary d snail\n|-unboost|p2a: gary d snail|atk|1\n|-heal|p1a: Drifblim-Hell|47/100 brn\n|move|p2a: gary d snail|Scald|p1a: Drifblim-Hell\n|-resisted|p1a: Drifblim-Hell\n|-damage|p1a: Drifblim-Hell|42/100 brn\n|\n|-heal|p2a: gary d snail|99/100|[from] item: Leftovers\n|-damage|p1a: Drifblim-Hell|36/100 brn|[from] brn\n|upkeep\n|turn|28\n|\n|t:|1765138166\n|move|p1a: Drifblim-Hell|Ice Beam|p2a: gary d snail\n|-damage|p2a: gary d snail|42/100\n|move|p2a: gary d snail|Scald|p1a: Drifblim-Hell\n|-resisted|p1a: Drifblim-Hell\n|-damage|p1a: Drifblim-Hell|32/100 brn\n|\n|-heal|p2a: gary d snail|48/100|[from] item: Leftovers\n|-damage|p1a: Drifblim-Hell|25/100 brn|[from] brn\n|upkeep\n|turn|29\n|\n|t:|1765138180\n|move|p1a: Drifblim-Hell|Strength Sap|p2a: gary d snail\n|-unboost|p2a: gary d snail|atk|1\n|-heal|p1a: Drifblim-Hell|37/100 brn\n|move|p2a: gary d snail|Recover|p2a: gary d snail\n|-heal|p2a: gary d snail|99/100\n|\n|-heal|p2a: gary d snail|100/100|[from] item: Leftovers\n|-damage|p1a: Drifblim-Hell|31/100 brn|[from] brn\n|upkeep\n|turn|30\n|\n|t:|1765138198\n|move|p1a: Drifblim-Hell|Ice Beam|p2a: gary d snail\n|-damage|p2a: gary d snail|48/100\n|move|p2a: gary d snail|Recover|p2a: gary d snail\n|-heal|p2a: gary d snail|98/100\n|\n|-heal|p2a: gary d snail|100/100|[from] item: Leftovers\n|-damage|p1a: Drifblim-Hell|25/100 brn|[from] brn\n|upkeep\n|turn|31\n|\n|t:|1765138211\n|move|p1a: Drifblim-Hell|Ice Beam|p2a: gary d snail\n|-damage|p2a: gary d snail|50/100\n|move|p2a: gary d snail|Recover|p2a: gary d snail\n|-heal|p2a: gary d snail|100/100\n|\n|-damage|p1a: Drifblim-Hell|19/100 brn|[from] brn\n|upkeep\n|turn|32\n|\n|t:|1765138219\n|move|p1a: Drifblim-Hell|Strength Sap|p2a: gary d snail\n|-unboost|p2a: gary d snail|atk|1\n|-heal|p1a: Drifblim-Hell|28/100 brn\n|move|p2a: gary d snail|Recover||[still]\n|-fail|p2a: gary d snail|heal\n|\n|-damage|p1a: Drifblim-Hell|22/100 brn|[from] brn\n|upkeep\n|turn|33\n|\n|t:|1765138244\n|switch|p1a: Iron Saw|Iron Saw, M, shiny|88/100\n|-damage|p1a: Iron Saw|82/100|[from] Stealth Rock\n|move|p2a: gary d snail|Scald|p1a: Iron Saw\n|-damage|p1a: Iron Saw|50/100\n|-status|p1a: Iron Saw|brn\n|\n|-damage|p1a: Iron Saw|44/100 brn|[from] brn\n|upkeep\n|turn|34\n|\n|t:|1765138259\n|move|p1a: Iron Saw|Leaf Blade|p2a: gary d snail\n|-supereffective|p2a: gary d snail\n|-damage|p2a: gary d snail|57/100\n|move|p2a: gary d snail|Scald|p1a: Iron Saw\n|-damage|p1a: Iron Saw|8/100 brn\n|\n|-heal|p2a: gary d snail|63/100|[from] item: Leftovers\n|-damage|p1a: Iron Saw|2/100 brn|[from] brn\n|upkeep\n|turn|35\n|\n|t:|1765138270\n|-end|p1a: Iron Saw|Quark Drive|[silent]\n|switch|p1a: Scream Tail|Scream Tail, shiny|100/100 slp\n|-damage|p1a: Scream Tail|88/100 slp|[from] Stealth Rock\n|move|p2a: gary d snail|Recover|p2a: gary d snail\n|-heal|p2a: gary d snail|100/100\n|\n|-heal|p1a: Scream Tail|94/100 slp|[from] item: Leftovers\n|upkeep\n|turn|36\n|\n|t:|1765138280\n|switch|p2a: William Afton|Paleogeist, M, tera:Ghost|6/100\n|cant|p1a: Scream Tail|slp\n|\n|-heal|p1a: Scream Tail|100/100 slp|[from] item: Leftovers\n|upkeep\n|turn|37\n|\n|t:|1765138286\n|-curestatus|p1a: Scream Tail|slp|[msg]\n|move|p1a: Scream Tail|Psychic Noise|p2a: William Afton\n|-damage|p2a: William Afton|0 fnt\n|faint|p2a: William Afton\n|\n|upkeep\n|\n|t:|1765138303\n|switch|p2a: sussy baka|Amoonguss-Mega, M|100/100 par\n|turn|38\n|\n|t:|1765138307\n|move|p1a: Scream Tail|Psychic Noise|p2a: sussy baka\n|-supereffective|p2a: sussy baka\n|-damage|p2a: sussy baka|71/100 par\n|-start|p2a: sussy baka|move: Heal Block\n|move|p2a: sussy baka|Sludge Bomb|p1a: Scream Tail\n|-supereffective|p1a: Scream Tail\n|-damage|p1a: Scream Tail|48/100\n|-status|p1a: Scream Tail|psn\n|\n|-heal|p1a: Scream Tail|54/100 psn|[from] item: Leftovers\n|-damage|p1a: Scream Tail|42/100 psn|[from] psn\n|upkeep\n|turn|39\n|\n|t:|1765138321\n|move|p1a: Scream Tail|Psychic Noise|p2a: sussy baka\n|-supereffective|p2a: sussy baka\n|-damage|p2a: sussy baka|44/100 par\n|move|p2a: sussy baka|Sludge Bomb|p1a: Scream Tail\n|-supereffective|p1a: Scream Tail\n|-damage|p1a: Scream Tail|0 fnt\n|faint|p1a: Scream Tail\n|-end|p1a: Scream Tail|Protosynthesis|[silent]\n|\n|-end|p2a: sussy baka|move: Heal Block\n|-activate|p2a: sussy baka|ability: Ejected\n|upkeep\n|c|☆chub hub|ok i dont get this ability still \n|\n|t:|1765138371\n|switch|p1a: Overqwil|Overqwil, F, shiny|20/100 par\n|-heal|p2a: sussy baka|64/100 par|[from] ability: Ejected\n|switch|p2a: Pixels|Iron Pixel, M, shiny|52/100\n|-damage|p1a: Overqwil|7/100 par|[from] Stealth Rock\n|-ability|p1a: Overqwil|Intimidate|boost\n|-unboost|p2a: Pixels|atk|1\n|turn|40\n|c| GamerNotFound2025|It's in the end end\n|c|☆chub hub|gg man\n|c| GamerNotFound2025|Of the turn\n|c| GamerNotFound2025|It's so broken \n|c| GamerNotFound2025|Sob\n|c|☆John961|when the imposter is sus you do not see what I go into \n|\n|t:|1765138397\n|move|p2a: Pixels|Thunderbolt|p1a: Overqwil\n|-damage|p1a: Overqwil|0 fnt\n|faint|p1a: Overqwil\n|\n|upkeep\n|c|☆chub hub|yeah but it ejected earlier in the match when it was above half \n|\n|t:|1765138418\n|switch|p1a: Drifblim-Hell|Drifblim-Hell-Mega, F|22/100 brn\n|-damage|p1a: Drifblim-Hell|10/100 brn|[from] Stealth Rock\n|turn|41\n|c|~SparksTheNeo|it also has regen when it manually switches\n|c|~SparksTheNeo|20% tho\n|c|☆John961|it triggers when it swaps out normally\n|c|☆chub hub|yeah i know that i just dont get the swap out \n|c|☆chub hub|ohhhhhhh\n|c|☆chub hub|ok i understand\n|c|☆chub hub|still ass LMAO\n|c|☆chub hub|this mega really good \n|\n|t:|1765138459\n|move|p2a: Pixels|Thunderbolt|p1a: Drifblim-Hell\n|-supereffective|p1a: Drifblim-Hell\n|-damage|p1a: Drifblim-Hell|0 fnt\n|faint|p1a: Drifblim-Hell\n|detailschange|p1: Drifblim-Hell|Drifblim-Hell, F|[silent]\n|\n|upkeep\n|\n|t:|1765138460\n|switch|p1a: Iron Saw|Iron Saw, M, shiny|2/100 brn\n|-damage|p1a: Iron Saw|0 fnt|[from] Stealth Rock\n|faint|p1a: Iron Saw\n|-end|p1a: Iron Saw|Quark Drive|[silent]\n|\n|win|John961\n|c|☆chub hub|gg\n|c|☆John961|gg\n|l|☆chub hub\n|player|p1|\n","players":["chub hub","John961"],"format":"[Gen 9] NatDex Draft","rating":null,"private":0,"password":null,"inputlog":">version 410298541a4f39e57734b9bac268a67abbacfb75\n>start {\"formatid\":\"gen9natdexdraft@@@Tera Type Preview\",\"seed\":\"sodium,b285d8c1dc153c7cdb9bc753b642ecb7\"}\n>player p1 {\"name\":\"chub hub\",\"avatar\":\"101\",\"team\":\"Mamoswine||ChopleBerry|ThickFat|IceShard,Earthquake,Trailblaze,IcicleCrash|Jolly|,252,,,8,248|F||S||,,,,,Ice]Overqwil||BlackSludge|Intimidate|Crunch,GunkShot,Spikes,SwordsDance|Careful|248,8,,,252,|F||S||,,,,,Dark]Drifblim-Hell||DrifblimiteHell|PoisonPoint|Scald,CalmMind,IceBeam,StrengthSap|Modest|,,252,4,252,|F|,0,,,,|||,,,,,Water]Iron Saw||ChoiceScarf|QuarkDrive|Uturn,DrillRun,IronHead,LeafBlade|Jolly|40,252,24,,32,160|M||S||,,,,,Electric]Skeledirge||SafetyGoggles|Unaware|TorchSong,SlackOff,TeraBlast,ShadowBall|Modest|96,,16,252,16,128|F||S||,,,,,Fairy]Scream Tail||Leftovers|Protosynthesis|PsychicNoise,ThunderWave,DazzlingGleam,Roar|Timid|,,,8,252,248|N|,0,,,,|S||,,,,,Fairy\",\"rating\":0}\n>player p2 {\"name\":\"John961\",\"avatar\":\"1\",\"team\":\"Pixels|IronPixel|AirBalloon|QuarkDrive|Thunderbolt,SludgeWave,FocusBlast,VoltSwitch|Timid|16,,,252,,240|M|,0,,,,|S||,,,,,Poison]sussy baka|Amoonguss|Vent|EffectSpore|SludgeBomb,HiddenPowerGround,Synthesis,Spore|Bold|248,,252,,8,|M|,0,,,,|||,Ground,,,,Grass]William Afton|Paleogeist|LumBerry|SheerWillpower|PhantomForce,RockWrecker,SlackOff,PartingShot|Adamant|248,252,8,,,|M||||,,,,,Ghost]metal gear|IronGear|OccaBerry|QuarkDrive|BodyPress,PsychicNoise,Recover,ThunderWave|Timid|,,24,252,,232|M|,0,,,,|||,,,,,Psychic]gary d snail|GastrodonEast|Leftovers|StormDrain|Scald,Toxic,Recover,StealthRock|Bold|248,,252,8,,|F|,0,,,,|||,,,,,Water]yetiiiman|KabuyetiClimb|HeavyDutyBoots|MoldBreaker|FlareBlitz,IcicleCrash,Earthquake,Toxic|Jolly|64,252,,,,192|F||||,,,,,Ice\",\"rating\":0}\n>chat ☆chub hub|hf fren\n>chat ☆John961|glhf\n>p1 team 4, 2, 3, 1, 5, 6\n>p2 team 1, 2, 3, 4, 5, 6\n>p1 move uturn\n>p2 move focusblast\n>p1 switch 4\n>chat  umbreonreallysucks|Jesus\n>chat  umbreonreallysucks|Thats a lot of damage through a chople\n>chat  GamerNotFound2025|Oh my god\n>p1 move earthquake\n>p2 move focusblast\n>chat  GamerNotFound2025|Wow\n>p1 switch 4\n>chat  umbreonreallysucks|No guard Pixel\n>chat ☆chub hub|fr\n>chat ☆chub hub|couldnt be me \n>chat  umbreonreallysucks|Same\n>p1 move drillrun\n>p2 switch 5\n>p1 switch 3\n>p2 move stealthrock\n>p1 move icebeam mega\n>p2 switch 5\n>p1 move scald\n>p2 move voltswitch\n>p2 switch 4\n>p1 switch 2\n>p2 move psychicnoise\n>p1 move spikes\n>p2 move thunderwave\n>p1 move crunch\n>p2 switch 6\n>p1 move gunkshot\n>p2 move earthquake\n>p2 switch 4\n>p1 move crunch\n>p2 move voltswitch\n>p2 switch 2\n>p1 switch 5\n>p2 move hiddenpower mega\n>chat  GamerNotFound2025|That's allowed?\n>chat ☆John961|yes\n>chat  umbreonreallysucks|Yea\n>chat ~SparksTheNeo|been allowed all season\n>chat  GamerNotFound2025|I've gone through the entirety season not knowing that\n>p1 move slackoff\n>p2 move hiddenpower\n>chat  GamerNotFound2025|Read gamer\n>chat  GamerNotFound2025|Read\n>p1 move slackoff\n>p2 move spore\n>chat  umbreonreallysucks|Im pretty sure most people forgot anyways\n>chat ☆chub hub|i knew but havent used it yet lmao\n>p1 move torchsong\n>p2 switch 6\n>chat  GamerNotFound2025|Oooooo\n>chat ☆chub hub|wouldve been good once or twice im sure\n>chat  umbreonreallysucks|W occa\n>p2 switch 3\n>chat ☆chub hub|how tf does this ability work lmao \n>chat ~SparksTheNeo|paleo?\n>chat ☆chub hub|i thought you had to be put under 50% for ejected\n>chat  umbreonreallysucks|Click 2 turn move\n>chat  umbreonreallysucks|Oh that one\n>chat ~SparksTheNeo|switches end of turn\n>chat ☆chub hub|you can pop it whenever?\n>chat ☆chub hub|each turn?\n>chat  GamerNotFound2025|Yes it's regen\n>chat  GamerNotFound2025|+\n>chat  GamerNotFound2025|Exit\n>chat ~SparksTheNeo|yes, whenever it switches in and end of turn it checks if it's under half\n>chat  GamerNotFound2025|Broken ahh\n>chat ~SparksTheNeo|if half then exit\n>chat ☆chub hub|oh thats ass lol \n>chat ☆chub hub|for me \n>p1 move shadowball\n>p2 move phantomforce terastallize\n>chat  GamerNotFound2025|WHAT DO YOU MEAN\n>chat  GamerNotFound2025|THAT FUCKING JUST TAKES IT SOB\n>chat ☆John961|the evil is gone now\n>chat ☆chub hub|fat feller \n>p1 switch 3\n>chat  umbreonreallysucks|Paleo is a dumb mon\n>p1 move uturn\n>p2 switch 6\n>p1 switch 6\n>p1 move thunderwave\n>p2 move spore\n>chat  GamerNotFound2025|Gn\n>p1 switch 6\n>p2 switch 6\n>p1 move uturn\n>p2 switch 5\n>p1 switch 2\n>p1 move strengthsap\n>p2 move scald\n>p1 move icebeam\n>p2 move scald\n>p1 move strengthsap\n>p2 move scald\n>p1 move calmmind\n>p2 move scald\n>p1 move strengthsap\n>p2 move scald\n>p1 move calmmind\n>p2 move scald\n>p1 move strengthsap\n>p2 move scald\n>p1 move icebeam\n>p2 move scald\n>p1 move strengthsap\n>p2 move recover\n>p1 move icebeam\n>p2 move recover\n>p1 move icebeam\n>p2 move recover\n>p1 move strengthsap\n>p2 move recover\n>p1 switch 2\n>p2 move scald\n>p1 move leafblade\n>p2 move scald\n>p1 switch 6\n>p2 move recover\n>p1 move psychicnoise\n>p2 switch 5\n>p1 move psychicnoise\n>p2 move slackoff\n>p2 switch 6\n>p1 move psychicnoise\n>p2 move sludgebomb\n>p1 move psychicnoise\n>p2 move sludgebomb\n>chat ☆chub hub|ok i dont get this ability still \n>p1 switch 5\n>p2 switch 2\n>chat  GamerNotFound2025|It's in the end end\n>chat ☆chub hub|gg man\n>chat  GamerNotFound2025|Of the turn\n>chat  GamerNotFound2025|It's so broken \n>chat  GamerNotFound2025|Sob\n>chat ☆John961|when the imposter is sus you do not see what I go into \n>p1 move crunch\n>p2 move thunderbolt\n>chat ☆chub hub|yeah but it ejected earlier in the match when it was above half \n>p1 switch 2\n>chat ~SparksTheNeo|it also has regen when it manually switches\n>chat ~SparksTheNeo|20% tho\n>chat ☆John961|it triggers when it swaps out normally\n>chat ☆chub hub|yeah i know that i just dont get the swap out \n>chat ☆chub hub|ohhhhhhh\n>chat ☆chub hub|ok i understand\n>chat ☆chub hub|still ass LMAO\n>chat ☆chub hub|this mega really good \n>p1 move scald\n>p2 move thunderbolt\n>p1 switch 6","uploadtime":1765138479}