{"id":"gen9natdexdraft-221","log":"|j|☆itoshiflwr\n|j|☆thebummerr03\n|t:|1762279770\n|gametype|singles\n|player|p1|itoshiflwr|caitlin|\n|player|p2|thebummerr03|101|\n|gen|9\n|tier|[Gen 9] NatDex Draft\n|rule|Tera Type Preview: Tera Types are shown at Team Preview\n|rule|Sleep Clause Mod: Limit one foe put to sleep\n|rule|OHKO Clause: OHKO moves are banned\n|rule|Evasion Clause: Evasion abilities, items, and moves are banned\n|rule|Evasion Abilities Clause: Evasion abilities are banned\n|rule|Evasion Items Clause: Evasion items are banned\n|rule|Evasion Moves Clause: Evasion moves are banned\n|rule|Endless Battle Clause: Forcing endless battles is banned\n|rule|HP Percentage Mod: HP is shown in percentages\n|raw|<div class=\"infobox\"><details class=\"readmore\" open><summary><strong>1 custom rule:</strong></summary> Tera Type Preview</details></div>\n|clearpoke\n|poke|p1|Deoxys-Speed|\n|poke|p1|Greninja-*, M|\n|poke|p1|Emboar, M|\n|poke|p1|Serperior, M|\n|poke|p1|Flygon, F|\n|poke|p1|Celesteela|\n|poke|p2|Grafaiai, M|\n|poke|p2|Mienshao-Hoenn, F|\n|poke|p2|Corviknight, F|\n|poke|p2|Chi-Yu|\n|poke|p2|Iron Drill, F|\n|poke|p2|Zeraora|\n|raw|itoshiflwr's Tera Types:<br /><psicon pokemon=\"deoxysspeed\" /><psicon type=\"Psychic\" /> / <psicon pokemon=\"greninjabond\" /><psicon type=\"Water\" /> / <psicon pokemon=\"emboar\" /><psicon type=\"Fire\" /> / <psicon pokemon=\"serperior\" /><psicon type=\"Fire\" /> / <psicon pokemon=\"flygon\" /><psicon type=\"Ground\" /> / <psicon pokemon=\"celesteela\" /><psicon type=\"Steel\" />\n|raw|thebummerr03's Tera Types:<br /><psicon pokemon=\"grafaiai\" /><psicon type=\"Poison\" /> / <psicon pokemon=\"mienshaohoenn\" /><psicon type=\"Fighting\" /> / <psicon pokemon=\"corviknight\" /><psicon type=\"Flying\" /> / <psicon pokemon=\"chiyu\" /><psicon type=\"Dark\" /> / <psicon pokemon=\"irondrill\" /><psicon type=\"Grass\" /> / <psicon pokemon=\"zeraora\" /><psicon type=\"Electric\" />\n|teampreview\n|j|~SparksTheNeo\n|c|☆thebummerr03|glhf!\n|c|☆itoshiflwr|u2\n|\n|t:|1762279796\n|teamsize|p1|6\n|teamsize|p2|6\n|start\n|switch|p1a: Water|Deoxys-Speed|100/100\n|switch|p2a: Mienshao-Hoenn|Mienshao-Hoenn, F|100/100\n|-ability|p1a: Water|Pressure\n|turn|1\n|\n|t:|1762279825\n|switch|p2a: Chi-Yu|Chi-Yu|100/100\n|-ability|p2a: Chi-Yu|Beads of Ruin\n|move|p1a: Water|Reflect|p1a: Water\n|-sidestart|p1: itoshiflwr|Reflect\n|\n|upkeep\n|turn|2\n|\n|t:|1762279847\n|move|p1a: Water|Superpower|p2a: Chi-Yu\n|-supereffective|p2a: Chi-Yu\n|-damage|p2a: Chi-Yu|0 fnt\n|-unboost|p1a: Water|atk|1\n|-unboost|p1a: Water|def|1\n|faint|p2a: Chi-Yu\n|\n|upkeep\n|\n|t:|1762279864\n|switch|p2a: Corviknight|Corviknight, F|100/100\n|-ability|p2a: Corviknight|Pressure\n|turn|3\n|\n|t:|1762279870\n|switch|p1a: Body|Emboar, M|100/100\n|detailschange|p2a: Corviknight|Corviknight-Mega, F\n|-mega|p2a: Corviknight|Corviknight|Corviknightite\n|move|p2a: Corviknight|Defog|p1a: Body\n|-unboost|p1a: Body|evasion|1\n|-sideend|p1: itoshiflwr|Reflect\n|\n|upkeep\n|turn|4\n|\n|t:|1762279883\n|move|p2a: Corviknight|Iron Defense|p2a: Corviknight\n|-boost|p2a: Corviknight|def|2\n|move|p1a: Body|Flare Blitz|p2a: Corviknight\n|-supereffective|p2a: Corviknight\n|-damage|p2a: Corviknight|51/100\n|-damage|p1a: Body|85/100|[from] Recoil\n|\n|upkeep\n|turn|5\n|\n|t:|1762279892\n|switch|p1a: Earth|Celesteela|100/100\n|move|p2a: Corviknight|Roost|p2a: Corviknight\n|-heal|p2a: Corviknight|100/100\n|-singleturn|p2a: Corviknight|move: Roost\n|\n|upkeep\n|turn|6\n|\n|t:|1762279913\n|move|p2a: Corviknight|Iron Defense|p2a: Corviknight\n|-boost|p2a: Corviknight|def|2\n|move|p1a: Earth|Autotomize|p1a: Earth\n|-boost|p1a: Earth|spe|2\n|-start|p1a: Earth|Autotomize\n|\n|upkeep\n|turn|7\n|\n|t:|1762279922\n|move|p1a: Earth|Meteor Beam||[still]\n|-prepare|p1a: Earth|Meteor Beam\n|-boost|p1a: Earth|spa|1\n|-enditem|p1a: Earth|Power Herb\n|-anim|p1a: Earth|Meteor Beam|p2a: Corviknight\n|-damage|p2a: Corviknight|70/100\n|move|p2a: Corviknight|Body Press|p1a: Earth\n|-damage|p1a: Earth|45/100\n|\n|upkeep\n|turn|8\n|\n|t:|1762279933\n|move|p1a: Earth|Flamethrower|p2a: Corviknight\n|-supereffective|p2a: Corviknight\n|-damage|p2a: Corviknight|23/100\n|move|p2a: Corviknight|Body Press|p1a: Earth\n|-damage|p1a: Earth|0 fnt\n|faint|p1a: Earth\n|\n|upkeep\n|\n|t:|1762279939\n|switch|p1a: Wind|Greninja, M|100/100\n|turn|9\n|\n|t:|1762279958\n|switch|p2a: Grafaiai|Grafaiai, M|100/100\n|move|p1a: Wind|Surf|p2a: Grafaiai\n|-damage|p2a: Grafaiai|49/100\n|\n|-heal|p2a: Grafaiai|55/100|[from] item: Black Sludge\n|upkeep\n|turn|10\n|\n|t:|1762279968\n|switch|p1a: Spirit|Flygon, F|100/100\n|move|p2a: Grafaiai|Parting Shot|p1a: Spirit\n|-unboost|p1a: Spirit|atk|1\n|-unboost|p1a: Spirit|spa|1\n|\n|t:|1762279975\n|switch|p2a: Mienshao-Hoenn|Mienshao-Hoenn, F|100/100|[from] Parting Shot\n|\n|upkeep\n|turn|11\n|\n|t:|1762279992\n|move|p2a: Mienshao-Hoenn|Triple Axel|p1a: Spirit\n|-supereffective|p1a: Spirit\n|-damage|p1a: Spirit|77/100\n|-supereffective|p1a: Spirit\n|-damage|p1a: Spirit|31/100\n|-supereffective|p1a: Spirit\n|-damage|p1a: Spirit|0 fnt\n|faint|p1a: Spirit\n|-hitcount|p1: Spirit|3\n|\n|upkeep\n|\n|t:|1762280003\n|switch|p1a: Body|Emboar, M|85/100\n|turn|12\n|\n|t:|1762280010\n|switch|p2a: Corviknight|Corviknight-Mega, F|23/100\n|move|p1a: Body|Flare Blitz|p2a: Corviknight\n|-supereffective|p2a: Corviknight\n|-damage|p2a: Corviknight|0 fnt\n|faint|p2a: Corviknight\n|detailschange|p2: Corviknight|Corviknight, F|[silent]\n|-damage|p1a: Body|78/100|[from] Recoil\n|\n|upkeep\n|\n|t:|1762280054\n|switch|p2a: Zeraora|Zeraora|100/100\n|turn|13\n|\n|t:|1762280063\n|move|p2a: Zeraora|Plasma Fists|p1a: Body\n|-damage|p1a: Body|0 fnt\n|-fieldactivate|move: Ion Deluge\n|-hint|Normal-type moves become Electric-type after using Plasma Fists.\n|faint|p1a: Body\n|\n|upkeep\n|\n|t:|1762280067\n|switch|p1a: Water|Deoxys-Speed|100/100\n|-ability|p1a: Water|Pressure\n|turn|14\n|\n|t:|1762280080\n|move|p1a: Water|Reflect|p1a: Water\n|-sidestart|p1: itoshiflwr|Reflect\n|move|p2a: Zeraora|Plasma Fists|p1a: Water\n|-damage|p1a: Water|48/100\n|-fieldactivate|move: Ion Deluge\n|-hint|Normal-type moves become Electric-type after using Plasma Fists.\n|\n|upkeep\n|turn|15\n|\n|t:|1762280090\n|move|p1a: Water|Spikes|p2a: Zeraora\n|-sidestart|p2: thebummerr03|Spikes\n|move|p2a: Zeraora|Plasma Fists|p1a: Water\n|-damage|p1a: Water|0 fnt\n|-fieldactivate|move: Ion Deluge\n|-hint|Normal-type moves become Electric-type after using Plasma Fists.\n|faint|p1a: Water\n|\n|upkeep\n|\n|t:|1762280095\n|switch|p1a: Fire|Serperior, M|100/100\n|turn|16\n|\n|t:|1762280115\n|switch|p2a: Iron Drill|Iron Drill, F|100/100\n|-damage|p2a: Iron Drill|88/100|[from] Spikes\n|move|p1a: Fire|Leaf Storm|p2a: Iron Drill\n|-resisted|p2a: Iron Drill\n|-damage|p2a: Iron Drill|76/100\n|-boost|p1a: Fire|spa|2\n|\n|upkeep\n|turn|17\n|\n|t:|1762280152\n|move|p1a: Fire|Leaf Storm|p2a: Iron Drill\n|-resisted|p2a: Iron Drill\n|-damage|p2a: Iron Drill|51/100\n|-boost|p1a: Fire|spa|2\n|move|p2a: Iron Drill|Play Rough|p1a: Fire\n|-damage|p1a: Fire|79/100\n|\n|upkeep\n|turn|18\n|\n|t:|1762280163\n|-terastallize|p1a: Fire|Fire\n|move|p1a: Fire|Tera Blast|p2a: Iron Drill|[anim] Tera Blast Fire\n|-supereffective|p2a: Iron Drill\n|-damage|p2a: Iron Drill|0 fnt\n|faint|p2a: Iron Drill\n|-end|p2a: Iron Drill|Quark Drive|[silent]\n|\n|upkeep\n|\n|t:|1762280178\n|switch|p2a: Mienshao-Hoenn|Mienshao-Hoenn, F|100/100\n|-damage|p2a: Mienshao-Hoenn|88/100|[from] Spikes\n|turn|19\n|\n|t:|1762280184\n|move|p2a: Mienshao-Hoenn|Surging Strikes|p1a: Fire\n|-supereffective|p1a: Fire\n|-crit|p1a: Fire\n|-damage|p1a: Fire|29/100\n|-supereffective|p1a: Fire\n|-crit|p1a: Fire\n|-damage|p1a: Fire|0 fnt\n|faint|p1a: Fire\n|-hitcount|p1: Fire|2\n|\n|upkeep\n|\n|t:|1762280188\n|switch|p1a: Wind|Greninja, M|100/100\n|turn|20\n|\n|t:|1762280210\n|move|p2a: Mienshao-Hoenn|Surging Strikes|p1a: Wind\n|-resisted|p1a: Wind\n|-crit|p1a: Wind\n|-damage|p1a: Wind|82/100\n|-resisted|p1a: Wind\n|-crit|p1a: Wind\n|-damage|p1a: Wind|63/100\n|-resisted|p1a: Wind\n|-crit|p1a: Wind\n|-damage|p1a: Wind|45/100\n|-hitcount|p1a: Wind|3\n|move|p1a: Wind|Sludge Wave|p2a: Mienshao-Hoenn\n|-damage|p2a: Mienshao-Hoenn|35/100\n|\n|upkeep\n|turn|21\n|\n|t:|1762280227\n|detailschange|p1a: Wind|Greninja-Mega, M\n|-mega|p1a: Wind|Greninja|Greninjite\n|move|p2a: Mienshao-Hoenn|Surging Strikes|p1a: Wind\n|-resisted|p1a: Wind\n|-crit|p1a: Wind\n|-damage|p1a: Wind|26/100\n|-resisted|p1a: Wind\n|-crit|p1a: Wind\n|-damage|p1a: Wind|9/100\n|-resisted|p1a: Wind\n|-crit|p1a: Wind\n|-damage|p1a: Wind|0 fnt\n|faint|p1a: Wind\n|detailschange|p1: Wind|Greninja, M|[silent]\n|-hitcount|p1: Wind|3\n|\n|win|thebummerr03\n|c|☆itoshiflwr|gg\n|c|☆thebummerr03|gg\n","players":["itoshiflwr","thebummerr03"],"format":"[Gen 9] NatDex Draft","rating":null,"private":0,"password":null,"inputlog":">version d52f9d404343983ec5f1b39417d097d33a9e9b64\n>start {\"formatid\":\"gen9natdexdraft@@@Tera Type Preview\",\"seed\":\"sodium,0ddb1e1802459a7fb96fd3830184de58\"}\n>player p1 {\"name\":\"itoshiflwr\",\"avatar\":\"caitlin\",\"team\":\"Water|DeoxysSpeed|LightClay|Pressure|Superpower,Spikes,LightScreen,Reflect|Jolly|60,232,,,,216|N||||,,,,,Psychic]Wind|GreninjaBond|Greninjite|BattleBond|Surf,SludgeWave,Uturn,WaterShuriken|Hasty|,,,252,32,224|M||||,Ghost,,,,Water]Body|Emboar|AssaultVest|Reckless|CloseCombat,KnockOff,FlareBlitz,Earthquake|Careful|252,40,,,216,|M||||,,,,,Fire]Fire|Serperior|HeavyDutyBoots|Contrary|TeraBlast,LeafStorm,Glare,HiddenPowerWater|Timid|,,,252,4,252|M||||,Water,,,,Fire]Spirit|Flygon|EjectButton|Levitate|Roost,Toxic,Uturn,Earthquake|Impish|252,4,252,,,|F||||,,,,,Ground]Earth|Celesteela|PowerHerb|BeastBoost|MeteorBeam,Autotomize,AirSlash,Flamethrower|Modest|40,,,252,,216|N|,0,,,,|||,,,,,Steel\",\"rating\":0}\n>player p2 {\"name\":\"thebummerr03\",\"avatar\":\"101\",\"team\":\"Grafaiai||BlackSludge|Prankster|SuperFang,PartingShot,Toxic,KnockOff|Jolly|252,,,,80,176|M||||,,,,,Poison]Mienshao-Hoenn||ChoiceScarf|Regenerator|SurgingStrikes,FlipTurn,PoisonJab,TripleAxel|Jolly|40,252,,,,216|F||||,,,,,Fighting]Corviknight||Corviknightite|Pressure|IronDefense,BodyPress,Roost,Defog|Calm|248,,8,,252,|F|,0,,,,|||,,,,,Flying]Chi-Yu||ChoiceScarf|BeadsofRuin|Overheat,Flamethrower,DarkPulse,Psychic|Timid|,,,252,4,252|N|,0,,,,|||,,,,,Dark]Iron Drill||AssaultVest|QuarkDrive|DrillRun,PlayRough,ThunderPunch,WoodHammer|Jolly|,252,72,,,184|F||||,,,,,Grass]Zeraora||ChoiceBand|VoltAbsorb|PlayRough,PlasmaFists,BlazeKick,KnockOff|Adamant|112,252,,,,144|N||||,,,,,Electric\",\"rating\":0}\n>chat ☆thebummerr03|glhf!\n>chat ☆itoshiflwr|u2\n>p1 team 1, 2, 3, 4, 5, 6\n>p2 team 2, 1, 3, 4, 5, 6\n>p1 move reflect\n>p2 switch 4\n>p1 move superpower\n>p2 move overheat\n>p2 switch 3\n>p1 switch 3\n>p2 move defog mega\n>p1 move flareblitz\n>p2 move irondefense\n>p1 switch 6\n>p2 move roost\n>p1 move autotomize\n>p2 move irondefense\n>p1 move meteorbeam\n>p2 move bodypress\n>p1 move flamethrower\n>p2 move bodypress\n>p1 switch 2\n>p1 move surf\n>p2 switch 2\n>p1 switch 5\n>p2 move partingshot\n>p2 switch 4\n>p1 move toxic\n>p2 move tripleaxel\n>p1 switch 6\n>p1 move flareblitz\n>p2 switch 2\n>p2 switch 6\n>p1 move flareblitz\n>p2 move plasmafists\n>p1 switch 3\n>p1 move reflect\n>p2 move plasmafists\n>p1 move spikes\n>p2 move plasmafists\n>p1 switch 4\n>p1 move leafstorm\n>p2 switch 5\n>p1 move leafstorm\n>p2 move playrough\n>p1 move terablast terastallize\n>p2 move playrough\n>p2 switch 2\n>p1 move leafstorm\n>p2 move surgingstrikes\n>p1 switch 5\n>p1 move sludgewave\n>p2 move surgingstrikes\n>p1 move sludgewave mega\n>p2 move surgingstrikes","uploadtime":1762280260}