{"id":"gen9natdexdraft-128","log":"|j|☆r6_private_ryan\n|j|☆Toker-Sama\n|t:|1765492708\n|gametype|singles\n|player|p1|r6_private_ryan|2|\n|player|p2|Toker-Sama|gambler|\n|gen|9\n|tier|[Gen 9] NatDex Draft\n|rule|Sleep Clause Mod: Limit one foe put to sleep\n|rule|OHKO Clause: OHKO moves are banned\n|rule|Evasion Clause: Evasion abilities, items, and moves are banned\n|rule|Evasion Abilities Clause: Evasion abilities are banned\n|rule|Evasion Items Clause: Evasion items are banned\n|rule|Evasion Moves Clause: Evasion moves are banned\n|rule|Endless Battle Clause: Forcing endless battles is banned\n|rule|HP Percentage Mod: HP is shown in percentages\n|clearpoke\n|poke|p1|Ursaluna-Bloodmoon, M|\n|poke|p1|Ogerpon-Hearthflame, F|\n|poke|p1|Ditto|\n|poke|p1|Kilowattrel, M|\n|poke|p1|Forretress, F|\n|poke|p1|Scream Tail|\n|poke|p2|Sneasler, F|\n|poke|p2|Pincurchin, F|\n|poke|p2|Slowking, M|\n|poke|p2|Kommo-o, F|\n|poke|p2|Ursaluna, F|\n|poke|p2|Serperior, F|\n|teampreview\n|c|☆r6_private_ryan|Can U post \n|c|☆r6_private_ryan|I thought bundle would come\n|\n|t:|1765492768\n|teamsize|p1|6\n|teamsize|p2|6\n|start\n|switch|p1a: Forretress|Forretress, F|100/100\n|switch|p2a: Ursaluna|Ursaluna, F|100/100\n|turn|1\n|c|☆r6_private_ryan|I will be back in going to post live link\n|\n|t:|1765492811\n|move|p2a: Ursaluna|Trailblaze|p1a: Forretress\n|-resisted|p1a: Forretress\n|-damage|p1a: Forretress|98/100\n|-boost|p2a: Ursaluna|spe|1\n|move|p1a: Forretress|Stealth Rock|p2a: Ursaluna\n|-sidestart|p2: Toker-Sama|move: Stealth Rock\n|\n|-status|p2a: Ursaluna|brn|[from] item: Flame Orb\n|upkeep\n|turn|2\n|\n|t:|1765492854\n|move|p2a: Ursaluna|Swords Dance|p2a: Ursaluna\n|-boost|p2a: Ursaluna|atk|2\n|move|p1a: Forretress|Spikes|p2a: Ursaluna\n|-sidestart|p2: Toker-Sama|Spikes\n|\n|-damage|p2a: Ursaluna|94/100 brn|[from] brn\n|upkeep\n|turn|3\n|j| AeroXI\n|j| Amp ib\n|\n|t:|1765492894\n|move|p2a: Ursaluna|Headlong Rush|p1a: Forretress\n|-damage|p1a: Forretress|0 fnt\n|-unboost|p2a: Ursaluna|def|1\n|-unboost|p2a: Ursaluna|spd|1\n|faint|p1a: Forretress\n|\n|-damage|p2a: Ursaluna|88/100 brn|[from] brn\n|upkeep\n|\n|t:|1765492903\n|switch|p1a: Ogerpon|Ogerpon-Hearthflame, F|100/100\n|-ability|p1a: Ogerpon|Mold Breaker\n|turn|4\n|l| AeroXI\n|j| AeroXI\n|\n|t:|1765492978\n|switch|p2a: Kommo-o|Kommo-o, F|100/100\n|-damage|p2a: Kommo-o|94/100|[from] Stealth Rock\n|-damage|p2a: Kommo-o|82/100|[from] Spikes\n|move|p1a: Ogerpon|Horn Leech|p2a: Kommo-o\n|-resisted|p2a: Kommo-o\n|-damage|p2a: Kommo-o|62/100\n|\n|upkeep\n|turn|5\n|\n|t:|1765493005\n|switch|p1a: Scream Tail|Scream Tail|100/100\n|-enditem|p1a: Scream Tail|Booster Energy\n|-activate|p1a: Scream Tail|ability: Protosynthesis|[fromitem]\n|-start|p1a: Scream Tail|protosynthesisspe\n|move|p2a: Kommo-o|Scale Shot|p1a: Scream Tail\n|-immune|p1a: Scream Tail\n|\n|upkeep\n|turn|6\n|\n|t:|1765493028\n|switch|p2a: Slowking|Slowking, M|100/100\n|move|p1a: Scream Tail|Thunder Wave|p2a: Slowking\n|-status|p2a: Slowking|par\n|\n|upkeep\n|turn|7\n|\n|t:|1765493052\n|move|p1a: Scream Tail|Wish|p1a: Scream Tail\n|cant|p2a: Slowking|par\n|\n|upkeep\n|turn|8\n|\n|t:|1765493062\n|move|p1a: Scream Tail|Baton Pass|p1a: Scream Tail\n|\n|t:|1765493066\n|-end|p1a: Scream Tail|Protosynthesis|[silent]\n|switch|p1a: Kilowattrel|Kilowattrel, M|100/100|[from] Baton Pass\n|move|p2a: Slowking|Thunder Wave|p1a: Kilowattrel\n|-immune|p1a: Kilowattrel\n|\n|upkeep\n|turn|9\n|l| Amp ib\n|\n|t:|1765493092\n|move|p1a: Kilowattrel|Tailwind|p1a: Kilowattrel\n|-sidestart|p1: r6_private_ryan|move: Tailwind\n|-start|p1a: Kilowattrel|Charge|Tailwind|[from] ability: Wind Power\n|move|p2a: Slowking|Scald|p1a: Kilowattrel\n|-damage|p1a: Kilowattrel|48/100\n|\n|upkeep\n|turn|10\n|j| CretaceousDraconid\n|\n|t:|1765493121\n|switch|p2a: Pincurchin|Pincurchin, F|100/100\n|-damage|p2a: Pincurchin|88/100|[from] Stealth Rock\n|-damage|p2a: Pincurchin|76/100|[from] Spikes\n|move|p1a: Kilowattrel|Volt Switch|p2a: Pincurchin\n|-ability|p2a: Pincurchin|Lightning Rod|boost\n|-boost|p2a: Pincurchin|spa|1\n|-end|p1a: Kilowattrel|Charge|[silent]\n|\n|-heal|p2a: Pincurchin|82/100|[from] item: Leftovers\n|upkeep\n|turn|11\n|\n|t:|1765493154\n|switch|p1a: Ursaluna|Ursaluna-Bloodmoon, M|100/100\n|move|p2a: Pincurchin|Scald|p1a: Ursaluna\n|-supereffective|p1a: Ursaluna\n|-damage|p1a: Ursaluna|63/100\n|\n|-heal|p2a: Pincurchin|88/100|[from] item: Leftovers\n|upkeep\n|turn|12\n|\n|t:|1765493188\n|move|p1a: Ursaluna|Earth Power|p2a: Pincurchin\n|-supereffective|p2a: Pincurchin\n|-damage|p2a: Pincurchin|0 fnt\n|faint|p2a: Pincurchin\n|\n|-sideend|p1: r6_private_ryan|move: Tailwind\n|upkeep\n|c| AeroXI|36%\n|\n|t:|1765493208\n|switch|p2a: Serperior|Serperior, F|100/100\n|-damage|p2a: Serperior|88/100|[from] Stealth Rock\n|-damage|p2a: Serperior|76/100|[from] Spikes\n|turn|13\n|j| Amp ib\n|\n|t:|1765493233\n|switch|p1a: Kilowattrel|Kilowattrel, M|48/100\n|move|p2a: Serperior|Leaf Storm|p1a: Kilowattrel\n|-resisted|p1a: Kilowattrel\n|-damage|p1a: Kilowattrel|5/100\n|-boost|p2a: Serperior|spa|2\n|\n|-heal|p2a: Serperior|82/100|[from] item: Leftovers\n|upkeep\n|turn|14\n|\n|t:|1765493283\n|switch|p2a: Slowking|Slowking, M|100/100 par\n|move|p1a: Kilowattrel|Hurricane|p2a: Slowking|[miss]\n|-miss|p1a: Kilowattrel|p2a: Slowking\n|\n|upkeep\n|turn|15\n|\n|t:|1765493300\n|move|p1a: Kilowattrel|Roost|p1a: Kilowattrel\n|-heal|p1a: Kilowattrel|55/100\n|-singleturn|p1a: Kilowattrel|move: Roost\n|move|p2a: Slowking|Scald|p1a: Kilowattrel\n|-damage|p1a: Kilowattrel|3/100\n|\n|upkeep\n|turn|16\n|\n|t:|1765493317\n|move|p1a: Kilowattrel|Volt Switch|p2a: Slowking\n|-supereffective|p2a: Slowking\n|-damage|p2a: Slowking|48/100 par\n|\n|t:|1765493323\n|switch|p1a: Scream Tail|Scream Tail|100/100|[from] Volt Switch\n|move|p2a: Slowking|Psychic Noise|p1a: Scream Tail\n|-resisted|p1a: Scream Tail\n|-damage|p1a: Scream Tail|91/100\n|-start|p1a: Scream Tail|move: Heal Block\n|\n|upkeep\n|turn|17\n|l| AeroXI\n|j| umbreoffxd\n|\n|t:|1765493350\n|switch|p2a: Ursaluna|Ursaluna, F|88/100 brn\n|-damage|p2a: Ursaluna|82/100 brn|[from] Stealth Rock\n|-damage|p2a: Ursaluna|69/100 brn|[from] Spikes\n|move|p1a: Scream Tail|Psychic Noise|p2a: Ursaluna\n|-damage|p2a: Ursaluna|50/100 brn\n|-start|p2a: Ursaluna|move: Heal Block\n|\n|-damage|p2a: Ursaluna|44/100 brn|[from] brn\n|-end|p1a: Scream Tail|move: Heal Block\n|upkeep\n|turn|18\n|\n|t:|1765493373\n|move|p1a: Scream Tail|Wish|p1a: Scream Tail\n|move|p2a: Ursaluna|Trailblaze|p1a: Scream Tail\n|-damage|p1a: Scream Tail|69/100\n|-boost|p2a: Ursaluna|spe|1\n|\n|-damage|p2a: Ursaluna|38/100 brn|[from] brn\n|-end|p2a: Ursaluna|move: Heal Block\n|upkeep\n|turn|19\n|\n|t:|1765493392\n|move|p1a: Scream Tail|Baton Pass|p1a: Scream Tail\n|\n|t:|1765493396\n|-end|p1a: Scream Tail|Protosynthesis|[silent]\n|switch|p1a: Kilowattrel|Kilowattrel, M|3/100|[from] Baton Pass\n|move|p2a: Ursaluna|Facade|p1a: Kilowattrel\n|-damage|p1a: Kilowattrel|0 fnt\n|faint|p1a: Kilowattrel\n|\n|-damage|p2a: Ursaluna|32/100 brn|[from] brn\n|upkeep\n|l| CretaceousDraconid\n|\n|t:|1765493406\n|switch|p1a: Ogerpon|Ogerpon-Hearthflame, F|100/100\n|-ability|p1a: Ogerpon|Mold Breaker\n|turn|20\n|\n|t:|1765493429\n|move|p1a: Ogerpon|Trailblaze|p2a: Ursaluna\n|-supereffective|p2a: Ursaluna\n|-damage|p2a: Ursaluna|0 fnt\n|-boost|p1a: Ogerpon|spe|1\n|faint|p2a: Ursaluna\n|\n|upkeep\n|\n|t:|1765493495\n|switch|p2a: Kommo-o|Kommo-o, F|62/100\n|-damage|p2a: Kommo-o|56/100|[from] Stealth Rock\n|-damage|p2a: Kommo-o|44/100|[from] Spikes\n|turn|21\n|\n|t:|1765493535\n|switch|p1a: Scream Tail|Scream Tail|69/100\n|move|p2a: Kommo-o|Drain Punch|p1a: Scream Tail\n|-resisted|p1a: Scream Tail\n|-crit|p1a: Scream Tail\n|-damage|p1a: Scream Tail|59/100\n|-heal|p2a: Kommo-o|51/100|[from] drain|[of] p1a: Scream Tail\n|\n|upkeep\n|turn|22\n|\n|t:|1765493570\n|move|p1a: Scream Tail|Wish|p1a: Scream Tail\n|move|p2a: Kommo-o|Swords Dance|p2a: Kommo-o\n|-boost|p2a: Kommo-o|atk|2\n|\n|upkeep\n|turn|23\n|\n|t:|1765493583\n|move|p1a: Scream Tail|Psychic Noise|p2a: Kommo-o\n|-immune|p2a: Kommo-o|[from] ability: Soundproof\n|move|p2a: Kommo-o|Drain Punch|p1a: Scream Tail\n|-resisted|p1a: Scream Tail\n|-damage|p1a: Scream Tail|45/100\n|-heal|p2a: Kommo-o|61/100|[from] drain|[of] p1a: Scream Tail\n|\n|-heal|p1a: Scream Tail|95/100|[from] move: Wish|[wisher] Scream Tail\n|upkeep\n|turn|24\n|\n|t:|1765493606\n|move|p1a: Scream Tail|Thunder Wave|p2a: Kommo-o\n|-status|p2a: Kommo-o|par\n|move|p2a: Kommo-o|Drain Punch|p1a: Scream Tail\n|-resisted|p1a: Scream Tail\n|-damage|p1a: Scream Tail|83/100\n|-heal|p2a: Kommo-o|71/100 par|[from] drain|[of] p1a: Scream Tail\n|\n|upkeep\n|turn|25\n|\n|t:|1765493620\n|move|p1a: Scream Tail|Wish|p1a: Scream Tail\n|move|p2a: Kommo-o|Ice Punch|p1a: Scream Tail\n|-damage|p1a: Scream Tail|46/100\n|\n|upkeep\n|turn|26\n|\n|t:|1765493643\n|move|p1a: Scream Tail|Baton Pass|p1a: Scream Tail\n|\n|t:|1765493647\n|-end|p1a: Scream Tail|Protosynthesis|[silent]\n|switch|p1a: Ditto|Ditto|100/100|[from] Baton Pass\n|-transform|p1a: Ditto|p2a: Kommo-o|[from] ability: Imposter\n|cant|p2a: Kommo-o|par\n|\n|upkeep\n|turn|27\n|\n|t:|1765493704\n|move|p1a: Ditto|Scale Shot|p2a: Kommo-o\n|-supereffective|p2a: Kommo-o\n|-damage|p2a: Kommo-o|24/100 par\n|-supereffective|p2a: Kommo-o\n|-damage|p2a: Kommo-o|0 fnt\n|faint|p2a: Kommo-o\n|-hitcount|p2: Kommo-o|2\n|-unboost|p1a: Ditto|def|1\n|-boost|p1a: Ditto|spe|1\n|\n|upkeep\n|\n|t:|1765493750\n|switch|p2a: Slowking|Slowking, M|81/100 par\n|turn|28\n|\n|t:|1765493769\n|move|p1a: Ditto|Scale Shot|p2a: Slowking|[miss]\n|-miss|p1a: Ditto|p2a: Slowking\n|cant|p2a: Slowking|par\n|\n|upkeep\n|turn|29\n|\n|t:|1765493779\n|move|p1a: Ditto|Scale Shot|p2a: Slowking\n|-damage|p2a: Slowking|65/100 par\n|-damage|p2a: Slowking|48/100 par\n|-damage|p2a: Slowking|31/100 par\n|-hitcount|p2a: Slowking|3\n|-unboost|p1a: Ditto|def|1\n|-boost|p1a: Ditto|spe|1\n|move|p2a: Slowking|Thunder Wave|p1a: Ditto\n|-status|p1a: Ditto|par\n|\n|upkeep\n|turn|30\n|\n|t:|1765493808\n|switch|p2a: Serperior|Serperior, F|82/100\n|-damage|p2a: Serperior|70/100|[from] Stealth Rock\n|-damage|p2a: Serperior|57/100|[from] Spikes\n|move|p1a: Ditto|Scale Shot|p2a: Serperior\n|-damage|p2a: Serperior|29/100\n|-damage|p2a: Serperior|0 fnt\n|faint|p2a: Serperior\n|-hitcount|p2: Serperior|2\n|-unboost|p1a: Ditto|def|1\n|-boost|p1a: Ditto|spe|1\n|\n|upkeep\n|\n|t:|1765493856\n|switch|p2a: Sneasler|Sneasler, F|100/100\n|-damage|p2a: Sneasler|94/100|[from] Stealth Rock\n|-damage|p2a: Sneasler|82/100|[from] Spikes\n|turn|31\n|\n|t:|1765493875\n|cant|p1a: Ditto|par\n|move|p2a: Sneasler|Close Combat|p1a: Ditto\n|-damage|p1a: Ditto|0 fnt\n|-unboost|p2a: Sneasler|def|1\n|-unboost|p2a: Sneasler|spd|1\n|faint|p1a: Ditto\n|-enditem|p2a: Sneasler|White Herb\n|-clearnegativeboost|p2a: Sneasler|[silent]\n|\n|upkeep\n|\n|t:|1765493887\n|switch|p1a: Scream Tail|Scream Tail|46/100\n|turn|32\n|\n|t:|1765493896\n|move|p2a: Sneasler|Dire Claw|p1a: Scream Tail\n|-supereffective|p1a: Scream Tail\n|-damage|p1a: Scream Tail|0 fnt\n|faint|p1a: Scream Tail\n|-end|p1a: Scream Tail|Protosynthesis|[silent]\n|\n|upkeep\n|c|☆r6_private_ryan|Isn't dire claw banned\n|\n|t:|1765493911\n|switch|p1a: Ursaluna|Ursaluna-Bloodmoon, M|63/100\n|turn|33\n|c| umbreoffxd|no\n|c|☆Toker-Sama|i didn't see it on the list\n|c|☆r6_private_ryan|It should be \n|\n|t:|1765493940\n|move|p2a: Sneasler|Close Combat|p1a: Ursaluna\n|-supereffective|p1a: Ursaluna\n|-damage|p1a: Ursaluna|0 fnt\n|-unboost|p2a: Sneasler|def|1\n|-unboost|p2a: Sneasler|spd|1\n|faint|p1a: Ursaluna\n|\n|upkeep\n|\n|t:|1765493947\n|switch|p1a: Ogerpon|Ogerpon-Hearthflame, F|100/100\n|-ability|p1a: Ogerpon|Mold Breaker\n|turn|34\n|\n|t:|1765493958\n|move|p2a: Sneasler|Acrobatics|p1a: Ogerpon\n|-supereffective|p1a: Ogerpon\n|-crit|p1a: Ogerpon\n|-damage|p1a: Ogerpon|0 fnt\n|faint|p1a: Ogerpon\n|\n|win|Toker-Sama\n|c| umbreoffxd|im not sure how its relevant to this battle but you are entitled to that opinion on the move yes \n|c|☆r6_private_ryan|That move is broken \n|l| Amp ib\n|c| umbreoffxd|its not that bad\n|c|☆Toker-Sama|will y'all not sleep on me now lol\n","players":["r6_private_ryan","Toker-Sama"],"format":"[Gen 9] NatDex Draft","rating":null,"private":0,"password":null,"inputlog":">version bdb4a0036935f39b98925754afcd47960889aa4d\n>start {\"formatid\":\"gen9natdexdraft\",\"seed\":\"sodium,0ed0b04fa1a3f4c3c5189a399143ac66\"}\n>player p1 {\"name\":\"r6_private_ryan\",\"avatar\":\"2\",\"team\":\"Ursaluna|UrsalunaBloodmoon|AssaultVest|MindsEye|BloodMoon,EarthPower,Moonblast,VacuumWave|Modest|252,,,252,4,|M|,0,,,,|||,,,,,Ground]Ogerpon|OgerponHearthflame|HearthflameMask|MoldBreaker|SwordsDance,IvyCudgel,Trailblaze,HornLeech|Jolly|,252,,,4,252|F||||,Poison,,,,Fire]Ditto||ChoiceScarf|Imposter|Transform|Mild|248,8,,184,,68|N|,30,,,,|||,,,,,Normal]Kilowattrel||FocusSash|WindPower|Tailwind,Roost,VoltSwitch,Hurricane|Hasty|,4,,252,,252|M|,0,,,,|||,,,,,Electric]Forretress||CustapBerry|Sturdy|StealthRock,Spikes,RapidSpin,Explosion|Impish|252,4,252,,,|F||||,,,,,Bug]Scream Tail||BoosterEnergy|Protosynthesis|PsychicNoise,Wish,ThunderWave,BatonPass|Timid|252,,,4,,252|N|,0,,,,|||,,,,,Fairy\",\"rating\":0}\n>player p2 {\"name\":\"Toker-Sama\",\"avatar\":\"gambler\",\"team\":\"Sneasler||WhiteHerb|Unburden|SwordsDance,Acrobatics,DireClaw,CloseCombat|Adamant|120,252,,,136,|F||||,,,,,Fighting]Pincurchin||Leftovers|LightningRod|Spikes,Discharge,Scald,ToxicSpikes|Calm|248,,8,,252,|F|,0,,,,|||,,,,,Electric]Slowking||HeavyDutyBoots|Regenerator|ThunderWave,Teleport,Scald,PsychicNoise|Bold|248,,252,,8,|M|,0,,,,|||,,,,,Water]Kommo-o||LoadedDice|Soundproof|SwordsDance,ScaleShot,DrainPunch,IcePunch|Jolly|,252,,,4,252|F||||,,,,,Dragon]Ursaluna||FlameOrb|Guts|Trailblaze,SwordsDance,Facade,HeadlongRush|Jolly|,252,4,,,252|F||||,,,,,Ground]Serperior||Leftovers|Contrary|LeafStorm,LeechSeed,DragonPulse,Substitute|Timid|,,4,252,,252|F|,0,,,,|||,,,,,Grass\",\"rating\":0}\n>chat ☆r6_private_ryan|Can U post \n>chat ☆r6_private_ryan|I thought bundle would come\n>p1 team 5, 2, 3, 4, 1, 6\n>p2 team 5, 2, 3, 4, 1, 6\n>chat ☆r6_private_ryan|I will be back in going to post live link\n>p1 move stealthrock\n>p2 move trailblaze\n>p1 move spikes\n>p2 move swordsdance\n>p1 move spikes\n>p2 move headlongrush\n>p1 switch 2\n>p1 move hornleech\n>p2 switch 4\n>p1 switch 6\n>p2 move scaleshot\n>p1 move thunderwave\n>p2 switch 3\n>p1 move wish\n>p2 move thunderwave\n>p1 move batonpass\n>p2 move thunderwave\n>p1 switch 4\n>p1 move tailwind\n>p2 move scald\n>p1 move voltswitch\n>p2 switch 2\n>p1 switch 5\n>p2 move scald\n>p1 move earthpower\n>p2 move scald\n>chat  AeroXI|36%\n>p2 switch 6\n>p1 switch 5\n>p2 move leafstorm\n>p1 move hurricane\n>p2 switch 2\n>p1 move roost\n>p2 move scald\n>p1 move voltswitch\n>p2 move psychicnoise\n>p1 switch 4\n>p1 move psychicnoise\n>p2 switch 4\n>p1 move wish\n>p2 move trailblaze\n>p1 move batonpass\n>p2 move facade\n>p1 switch 4\n>p1 switch 6\n>p1 move trailblaze\n>p2 move facade\n>p2 switch 3\n>p1 switch 4\n>p2 move drainpunch\n>p1 move wish\n>p2 move swordsdance\n>p1 move psychicnoise\n>p2 move drainpunch\n>p1 move thunderwave\n>p2 move drainpunch\n>p1 move wish\n>p2 move icepunch\n>p1 move batonpass\n>p2 move swordsdance\n>p1 switch 3\n>p1 move scaleshot\n>p2 move icepunch\n>p2 switch 4\n>p1 move scaleshot\n>p2 move thunderwave\n>p1 move scaleshot\n>p2 move thunderwave\n>p1 move scaleshot\n>p2 switch 2\n>p2 switch 5\n>p1 move scaleshot\n>p2 move closecombat\n>p1 switch 3\n>p1 move wish\n>p2 move direclaw\n>chat ☆r6_private_ryan|Isn't dire claw banned\n>p1 switch 5\n>chat  umbreoffxd|no\n>chat ☆Toker-Sama|i didn't see it on the list\n>chat ☆r6_private_ryan|It should be \n>p1 move earthpower\n>p2 move closecombat\n>p1 switch 4\n>p1 move ivycudgel\n>p2 move acrobatics","uploadtime":1765493995}