{"id":"gen9natdexdraft-223","log":"|j|☆John961\n|j|☆umbreoffxd\n|t:|1766373752\n|gametype|singles\n|player|p1|John961|1|\n|player|p2|umbreoffxd|266|\n|gen|9\n|tier|[Gen 9] NatDex Draft\n|rule|Tera Type Preview: Tera Types are shown at Team Preview\n|rule|Sleep Clause Mod: Limit one foe put to sleep\n|rule|OHKO Clause: OHKO moves are banned\n|rule|Evasion Clause: Evasion abilities, items, and moves are banned\n|rule|Evasion Abilities Clause: Evasion abilities are banned\n|rule|Evasion Items Clause: Evasion items are banned\n|rule|Evasion Moves Clause: Evasion moves are banned\n|rule|Endless Battle Clause: Forcing endless battles is banned\n|rule|HP Percentage Mod: HP is shown in percentages\n|raw|<div class=\"infobox\"><details class=\"readmore\" open><summary><strong>1 custom rule:</strong></summary> Tera Type Preview</details></div>\n|clearpoke\n|poke|p1|Deoxys-Speed|\n|poke|p1|Tapu Lele|\n|poke|p1|Sneasler, M|\n|poke|p1|Melmetal|\n|poke|p1|Serperior, F|\n|poke|p1|Feraligatr, F|\n|poke|p2|Dragonite, M|\n|poke|p2|Tinkaton, F|\n|poke|p2|Meowscarada, M|\n|poke|p2|Dhelmise|\n|poke|p2|Volcanion|\n|poke|p2|Meloetta|\n|raw|John961's Tera Types:<br /><psicon pokemon=\"deoxysspeed\" /><psicon type=\"Psychic\" /> / <psicon pokemon=\"tapulele\" /><psicon type=\"Psychic\" /> / <psicon pokemon=\"sneasler\" /><psicon type=\"Fighting\" /> / <psicon pokemon=\"melmetal\" /><psicon type=\"Steel\" /> / <psicon pokemon=\"serperior\" /><psicon type=\"Grass\" /> / <psicon pokemon=\"feraligatr\" /><psicon type=\"Water\" />\n|raw|umbreoffxd's Tera Types:<br /><psicon pokemon=\"dragonite\" /><psicon type=\"Dragon\" /> / <psicon pokemon=\"tinkaton\" /><psicon type=\"Fairy\" /> / <psicon pokemon=\"meowscarada\" /><psicon type=\"Grass\" /> / <psicon pokemon=\"dhelmise\" /><psicon type=\"Ghost\" /> / <psicon pokemon=\"volcanion\" /><psicon type=\"Fire\" /> / <psicon pokemon=\"meloetta\" /><psicon type=\"Normal\" />\n|teampreview\n|j| anzu42\n|c|☆John961|glhf\n|c|☆umbreoffxd|gl hf\n|\n|t:|1766373843\n|teamsize|p1|6\n|teamsize|p2|6\n|start\n|switch|p1a: Deosus|Deoxys-Speed, shiny|100/100\n|switch|p2a: Meowscarada|Meowscarada, M|100/100\n|-ability|p1a: Deosus|Pressure\n|turn|1\n|j| AeroXI\n|\n|t:|1766373855\n|move|p2a: Meowscarada|U-turn|p1a: Deosus\n|-start|p2a: Meowscarada|typechange|Bug|[from] ability: Protean\n|-supereffective|p1a: Deosus\n|-enditem|p1a: Deosus|Focus Sash\n|-damage|p1a: Deosus|1/100\n|\n|t:|1766373865\n|switch|p2a: Tinkaton|Tinkaton, F|100/100|[from] U-turn\n|-ability|p2a: Tinkaton|Mold Breaker\n|move|p1a: Deosus|Thunder Wave|p2a: Tinkaton|[miss]\n|-miss|p1a: Deosus|p2a: Tinkaton\n|\n|upkeep\n|turn|2\n|\n|t:|1766373877\n|move|p1a: Deosus|Thunder Wave|p2a: Tinkaton\n|-status|p2a: Tinkaton|par\n|move|p2a: Tinkaton|Play Rough|p1a: Deosus\n|-damage|p1a: Deosus|0 fnt\n|faint|p1a: Deosus\n|\n|upkeep\n|\n|t:|1766373897\n|switch|p1a: Nuts N Boltz|Melmetal, shiny|100/100\n|turn|3\n|\n|t:|1766373902\n|switch|p2a: Volcanion|Volcanion|100/100\n|move|p1a: Nuts N Boltz|Earthquake|p2a: Volcanion\n|-supereffective|p2a: Volcanion\n|-enditem|p2a: Volcanion|Shuca Berry|[eat]\n|-enditem|p2a: Volcanion|Shuca Berry|[weaken]\n|-damage|p2a: Volcanion|75/100\n|\n|upkeep\n|turn|4\n|\n|t:|1766373923\n|move|p2a: Volcanion|Will-O-Wisp|p1a: Nuts N Boltz|[miss]\n|-miss|p2a: Volcanion|p1a: Nuts N Boltz\n|move|p1a: Nuts N Boltz|Earthquake|p2a: Volcanion\n|-supereffective|p2a: Volcanion\n|-damage|p2a: Volcanion|29/100\n|\n|upkeep\n|turn|5\n|c|☆umbreoffxd|yo dont go lele\n|\n|t:|1766373956\n|switch|p1a: Solid Snake|Serperior, F|100/100\n|move|p2a: Volcanion|Flamethrower|p1a: Solid Snake\n|-supereffective|p1a: Solid Snake\n|-damage|p1a: Solid Snake|24/100\n|\n|upkeep\n|turn|6\n|\n|t:|1766373968\n|move|p1a: Solid Snake|Leaf Storm|p2a: Volcanion\n|-damage|p2a: Volcanion|0 fnt\n|-boost|p1a: Solid Snake|spa|2\n|faint|p2a: Volcanion\n|\n|upkeep\n|\n|t:|1766373969\n|switch|p2a: Meowscarada|Meowscarada, M|100/100\n|turn|7\n|\n|t:|1766373985\n|switch|p1a: Nuts N Boltz|Melmetal, shiny|100/100\n|move|p2a: Meowscarada|U-turn|p1a: Nuts N Boltz\n|-start|p2a: Meowscarada|typechange|Bug|[from] ability: Protean\n|-resisted|p1a: Nuts N Boltz\n|-damage|p1a: Nuts N Boltz|89/100\n|\n|t:|1766374029\n|switch|p2a: Meloetta|Meloetta, shiny|100/100|[from] U-turn\n|\n|upkeep\n|turn|8\n|\n|t:|1766374039\n|move|p2a: Meloetta|Focus Blast|p1a: Nuts N Boltz\n|-supereffective|p1a: Nuts N Boltz\n|-damage|p1a: Nuts N Boltz|14/100\n|move|p1a: Nuts N Boltz|Double Iron Bash|p2a: Meloetta\n|-damage|p2a: Meloetta|55/100\n|-damage|p2a: Meloetta|7/100\n|-hitcount|p2a: Meloetta|2\n|\n|upkeep\n|turn|9\n|\n|t:|1766374059\n|switch|p2a: Tinkaton|Tinkaton, F|100/100 par\n|-ability|p2a: Tinkaton|Mold Breaker\n|switch|p1a: Ayy Lmao|Tapu Lele, shiny|100/100\n|-fieldstart|move: Psychic Terrain|[from] ability: Psychic Surge|[of] p1a: Ayy Lmao\n|\n|upkeep\n|turn|10\n|\n|t:|1766374073\n|switch|p1a: Nuts N Boltz|Melmetal, shiny|14/100\n|move|p2a: Tinkaton|Thunder Wave|p1a: Nuts N Boltz\n|-status|p1a: Nuts N Boltz|par\n|\n|upkeep\n|turn|11\n|\n|t:|1766374088\n|switch|p2a: Dhelmise|Dhelmise|100/100\n|move|p1a: Nuts N Boltz|Double Iron Bash|p2a: Dhelmise\n|-damage|p2a: Dhelmise|71/100\n|-damage|p1a: Nuts N Boltz|0 fnt|[from] item: Rocky Helmet|[of] p2a: Dhelmise\n|faint|p1a: Nuts N Boltz\n|-hitcount|p2a: Dhelmise|1\n|\n|upkeep\n|\n|t:|1766374097\n|switch|p1a: Solid Snake|Serperior, F|24/100\n|turn|12\n|\n|t:|1766374113\n|move|p1a: Solid Snake|Synthesis|p1a: Solid Snake\n|-heal|p1a: Solid Snake|74/100\n|move|p2a: Dhelmise|Body Press|p1a: Solid Snake\n|-damage|p1a: Solid Snake|49/100\n|-damage|p2a: Dhelmise|55/100|[from] item: Rocky Helmet|[of] p1a: Solid Snake\n|\n|upkeep\n|turn|13\n|\n|t:|1766374141\n|move|p1a: Solid Snake|Leaf Storm|p2a: Dhelmise\n|-resisted|p2a: Dhelmise\n|-damage|p2a: Dhelmise|35/100\n|-boost|p1a: Solid Snake|spa|2\n|move|p2a: Dhelmise|Synthesis|p2a: Dhelmise\n|-heal|p2a: Dhelmise|85/100\n|\n|-fieldend|move: Psychic Terrain\n|upkeep\n|turn|14\n|\n|t:|1766374157\n|switch|p2a: Meloetta|Meloetta, shiny|7/100\n|move|p1a: Solid Snake|Synthesis|p1a: Solid Snake\n|-heal|p1a: Solid Snake|99/100\n|\n|upkeep\n|turn|15\n|\n|t:|1766374170\n|move|p1a: Solid Snake|Dragon Pulse|p2a: Meloetta\n|-damage|p2a: Meloetta|0 fnt\n|faint|p2a: Meloetta\n|\n|upkeep\n|\n|t:|1766374201\n|switch|p2a: Tinkaton|Tinkaton, F|100/100 par\n|-ability|p2a: Tinkaton|Mold Breaker\n|turn|16\n|\n|t:|1766374210\n|move|p1a: Solid Snake|Leaf Storm|p2a: Tinkaton\n|-resisted|p2a: Tinkaton\n|-damage|p2a: Tinkaton|79/100 par\n|-boost|p1a: Solid Snake|spa|2\n|cant|p2a: Tinkaton|par\n|\n|-heal|p2a: Tinkaton|85/100 par|[from] item: Leftovers\n|upkeep\n|turn|17\n|\n|t:|1766374217\n|move|p1a: Solid Snake|Leaf Storm|p2a: Tinkaton\n|-resisted|p2a: Tinkaton\n|-damage|p2a: Tinkaton|54/100 par\n|-boost|p1a: Solid Snake|spa|2\n|cant|p2a: Tinkaton|par\n|\n|-heal|p2a: Tinkaton|60/100 par|[from] item: Leftovers\n|upkeep\n|turn|18\n|\n|t:|1766374224\n|move|p1a: Solid Snake|Leaf Storm|p2a: Tinkaton\n|-resisted|p2a: Tinkaton\n|-damage|p2a: Tinkaton|14/100 par\n|move|p2a: Tinkaton|Thunder Wave|p1a: Solid Snake|[miss]\n|-miss|p2a: Tinkaton|p1a: Solid Snake\n|\n|-heal|p2a: Tinkaton|20/100 par|[from] item: Leftovers\n|upkeep\n|turn|19\n|\n|t:|1766374231\n|move|p1a: Solid Snake|Leaf Storm|p2a: Tinkaton\n|-resisted|p2a: Tinkaton\n|-damage|p2a: Tinkaton|0 fnt\n|faint|p2a: Tinkaton\n|\n|upkeep\n|\n|t:|1766374234\n|switch|p2a: Meowscarada|Meowscarada, M|100/100\n|turn|20\n|\n|t:|1766374239\n|move|p2a: Meowscarada|U-turn|p1a: Solid Snake\n|-start|p2a: Meowscarada|typechange|Bug|[from] ability: Protean\n|-supereffective|p1a: Solid Snake\n|-damage|p1a: Solid Snake|39/100\n|-damage|p2a: Meowscarada|84/100|[from] item: Rocky Helmet|[of] p1a: Solid Snake\n|\n|t:|1766374243\n|switch|p2a: Dhelmise|Dhelmise|85/100|[from] U-turn\n|move|p1a: Solid Snake|Glare|p2a: Dhelmise\n|-status|p2a: Dhelmise|par\n|\n|upkeep\n|turn|21\n|\n|t:|1766374249\n|move|p1a: Solid Snake|Synthesis|p1a: Solid Snake\n|-heal|p1a: Solid Snake|89/100\n|move|p2a: Dhelmise|Toxic|p1a: Solid Snake\n|-status|p1a: Solid Snake|tox\n|\n|-damage|p1a: Solid Snake|83/100 tox|[from] psn\n|upkeep\n|turn|22\n|\n|t:|1766374259\n|move|p1a: Solid Snake|Dragon Pulse|p2a: Dhelmise\n|-damage|p2a: Dhelmise|22/100 par\n|move|p2a: Dhelmise|Synthesis|p2a: Dhelmise\n|-heal|p2a: Dhelmise|72/100 par\n|\n|-damage|p1a: Solid Snake|70/100 tox|[from] psn\n|upkeep\n|turn|23\n|\n|t:|1766374266\n|move|p1a: Solid Snake|Dragon Pulse|p2a: Dhelmise\n|-damage|p2a: Dhelmise|1/100 par\n|move|p2a: Dhelmise|Synthesis|p2a: Dhelmise\n|-heal|p2a: Dhelmise|51/100 par\n|\n|-damage|p1a: Solid Snake|52/100 tox|[from] psn\n|upkeep\n|turn|24\n|\n|t:|1766374273\n|move|p1a: Solid Snake|Dragon Pulse|p2a: Dhelmise\n|-damage|p2a: Dhelmise|0 fnt\n|faint|p2a: Dhelmise\n|\n|-damage|p1a: Solid Snake|27/100 tox|[from] psn\n|upkeep\n|\n|t:|1766374275\n|switch|p2a: Meowscarada|Meowscarada, M|84/100\n|turn|25\n|\n|t:|1766374319\n|move|p2a: Meowscarada|U-turn|p1a: Solid Snake\n|-start|p2a: Meowscarada|typechange|Bug|[from] ability: Protean\n|-supereffective|p1a: Solid Snake\n|-damage|p1a: Solid Snake|0 fnt\n|-damage|p2a: Meowscarada|68/100|[from] item: Rocky Helmet|[of] p1a: Solid Snake\n|faint|p1a: Solid Snake\n|\n|t:|1766374321\n|switch|p2a: Dragonite|Dragonite, M|100/100|[from] U-turn\n|\n|upkeep\n|\n|t:|1766374329\n|switch|p1a: Ayy Lmao|Tapu Lele, shiny|100/100\n|-fieldstart|move: Psychic Terrain|[from] ability: Psychic Surge|[of] p1a: Ayy Lmao\n|turn|26\n|\n|t:|1766374334\n|move|p1a: Ayy Lmao|Moonblast|p2a: Dragonite\n|-supereffective|p2a: Dragonite\n|-damage|p2a: Dragonite|0 fnt\n|faint|p2a: Dragonite\n|\n|upkeep\n|c|☆umbreoffxd|oops not multiscale\n|\n|t:|1766374343\n|switch|p2a: Meowscarada|Meowscarada, M|68/100\n|turn|27\n|\n|t:|1766374355\n|move|p2a: Meowscarada|Triple Axel|p1a: Ayy Lmao\n|-start|p2a: Meowscarada|typechange|Ice|[from] ability: Protean\n|-damage|p1a: Ayy Lmao|86/100\n|-damage|p1a: Ayy Lmao|55/100\n|-hitcount|p1a: Ayy Lmao|2\n|move|p1a: Ayy Lmao|Moonblast|p2a: Meowscarada\n|-damage|p2a: Meowscarada|0 fnt\n|faint|p2a: Meowscarada\n|\n|win|John961\n|c|☆umbreoffxd|gg\n|c|☆John961|gg\\\n","players":["John961","umbreoffxd"],"format":"[Gen 9] NatDex Draft","rating":null,"private":0,"password":null,"inputlog":">version 0d0a8c252a1f8ab806681f673fdafaf34a87df55\n>start {\"formatid\":\"gen9natdexdraft@@@Tera Type Preview\",\"seed\":\"sodium,941c3722a24dfa194167a3ef998ccb93\"}\n>player p1 {\"name\":\"John961\",\"avatar\":\"1\",\"team\":\"Deosus|DeoxysSpeed|FocusSash|Pressure|StealthRock,ThunderWave,IceBeam,PsychoBoost|Modest|144,,,252,,112|N|,0,,,,|S||,,,,,Psychic]Ayy Lmao|TapuLele|ChoiceScarf|PsychicSurge|Psychic,Moonblast,FocusBlast,Psyshock|Modest|24,,,252,4,228|N|,0,,,,|S||,,,,,Psychic]Generic Furry|Sneasler|PsychicSeed|Unburden|CloseCombat,DireClaw,Acrobatics,SwordsDance|Adamant|216,252,4,,,36|M||S||,,,,,Fighting]Nuts N Boltz|Melmetal|AssaultVest|IronFist|DoubleIronBash,Earthquake,IcePunch,ThunderPunch|Adamant|,252,4,,252,|N||S||,,,,,Steel]Solid Snake|Serperior|RockyHelmet|Contrary|LeafStorm,Glare,Synthesis,DragonPulse|Timid|248,,108,,,152|F|,0,,,,|||,,,,,Grass]Florida Man|Feraligatr|FeraligiteZA|SheerForce|DragonDance,Liquidation,ScaleShot,Earthquake|Adamant|176,252,,,,80|F||S||,,,,,Water\",\"rating\":0}\n>player p2 {\"name\":\"umbreoffxd\",\"avatar\":\"266\",\"team\":\"Dragonite||DragoniniteZA|InnerFocus|Tailwind,LowKick,IronHead,DragonClaw|Jolly|40,252,,,,216|M||||,,,,,Dragon]Tinkaton||Leftovers|MoldBreaker|StealthRock,Encore,PlayRough,ThunderWave|Careful|252,4,,,252,|F||||,,,,,Fairy]Meowscarada||ChoiceScarf|Protean|LowKick,Uturn,FlowerTrick,TripleAxel|Adamant|24,252,,,,232|M||||,,,,,Grass]Dhelmise||RockyHelmet|Steelworker|Synthesis,Toxic,BodyPress,IronDefense|Relaxed|252,4,252,,,|N|,0,,,,|||,,,,,Ghost]Volcanion||ShucaBerry|WaterAbsorb|WillOWisp,SteamEruption,Flamethrower,Taunt|Bold|252,,252,,4,|N|,0,,,,|||,,,,,Fire]Meloetta||ChoiceSpecs|SereneGrace|HyperVoice,Uturn,FocusBlast,Psychic|Modest|216,,,252,,40|N||S||,Ice,,,,Normal\",\"rating\":0}\n>chat ☆John961|glhf\n>chat ☆umbreoffxd|gl hf\n>p1 team 1, 2, 3, 4, 5, 6\n>p2 team 3, 2, 1, 4, 5, 6\n>p1 move thunderwave\n>p2 move uturn\n>p2 switch 2\n>p1 move thunderwave\n>p2 move playrough\n>p1 switch 4\n>p1 move earthquake\n>p2 switch 5\n>p1 move earthquake\n>p2 move willowisp\n>chat ☆umbreoffxd|yo dont go lele\n>p1 switch 5\n>p2 move flamethrower\n>p1 move leafstorm\n>p2 move flamethrower\n>p2 switch 2\n>p1 switch 5\n>p2 move uturn\n>p2 switch 6\n>p1 move doubleironbash\n>p2 move focusblast\n>p1 switch 2\n>p2 switch 5\n>p1 switch 2\n>p2 move thunderwave\n>p1 move doubleironbash\n>p2 switch 4\n>p1 switch 5\n>p1 move synthesis\n>p2 move bodypress\n>p1 move leafstorm\n>p2 move synthesis\n>p1 move synthesis\n>p2 switch 5\n>p1 move dragonpulse\n>p2 move hypervoice\n>p2 switch 4\n>p1 move leafstorm\n>p2 move thunderwave\n>p1 move leafstorm\n>p2 move thunderwave\n>p1 move leafstorm\n>p2 move thunderwave\n>p1 move leafstorm\n>p2 move thunderwave\n>p2 switch 6\n>p1 move glare\n>p2 move uturn\n>p2 switch 5\n>p1 move synthesis\n>p2 move toxic\n>p1 move dragonpulse\n>p2 move synthesis\n>p1 move dragonpulse\n>p2 move synthesis\n>p1 move dragonpulse\n>p2 move synthesis\n>p2 switch 5\n>p1 move glare\n>p2 move uturn\n>p2 switch 3\n>p1 switch 2\n>p1 move moonblast\n>p2 move tailwind\n>chat ☆umbreoffxd|oops not multiscale\n>p2 switch 3\n>p1 move moonblast\n>p2 move tripleaxel","uploadtime":1766374375}