{"id":"gen9natdexdraft-105","log":"|j|☆ayoitslux\n|j|☆menace2sociteh\n|t:|1760972347\n|gametype|singles\n|player|p1|ayoitslux|101|\n|player|p2|menace2sociteh|101|\n|gen|9\n|tier|[Gen 9] NatDex Draft\n|rule|Tera Type Preview: Tera Types are shown at Team Preview\n|rule|Sleep Clause Mod: Limit one foe put to sleep\n|rule|OHKO Clause: OHKO moves are banned\n|rule|Evasion Clause: Evasion abilities, items, and moves are banned\n|rule|Evasion Abilities Clause: Evasion abilities are banned\n|rule|Evasion Items Clause: Evasion items are banned\n|rule|Evasion Moves Clause: Evasion moves are banned\n|rule|Endless Battle Clause: Forcing endless battles is banned\n|rule|HP Percentage Mod: HP is shown in percentages\n|raw|<div class=\"infobox\"><details class=\"readmore\" open><summary><strong>1 custom rule:</strong></summary> Tera Type Preview</details></div>\n|clearpoke\n|poke|p1|Diamoneye, F|\n|poke|p1|Iron Spike, F|\n|poke|p1|Ting-Lu|\n|poke|p1|Mewtwah, F|\n|poke|p1|Flygon, F|\n|poke|p1|Iron Moth|\n|poke|p2|Gloomhorn, F|\n|poke|p2|Wild Wind, M|\n|poke|p2|Hippowdon, M|\n|poke|p2|Tyrantrum, M|\n|poke|p2|Corviknight, F|\n|poke|p2|Elecprobe|\n|raw|ayoitslux's Tera Types:<br /><psicon pokemon=\"diamoneye\" /><psicon type=\"Ghost\" /> / <psicon pokemon=\"ironspike\" /><psicon type=\"Water\" /> / <psicon pokemon=\"tinglu\" /><psicon type=\"Dark\" /> / <psicon pokemon=\"mewtwah\" /><psicon type=\"Fighting\" /> / <psicon pokemon=\"flygon\" /><psicon type=\"Ground\" /> / <psicon pokemon=\"ironmoth\" /><psicon type=\"Fire\" />\n|raw|menace2sociteh's Tera Types:<br /><psicon pokemon=\"gloomhorn\" /><psicon type=\"Dark\" /> / <psicon pokemon=\"wildwind\" /><psicon type=\"Fairy\" /> / <psicon pokemon=\"hippowdon\" /><psicon type=\"Ground\" /> / <psicon pokemon=\"tyrantrum\" /><psicon type=\"Rock\" /> / <psicon pokemon=\"corviknight\" /><psicon type=\"Flying\" /> / <psicon pokemon=\"elecprobe\" /><psicon type=\"Electric\" />\n|teampreview\n|c|☆menace2sociteh|hfff\n|c|☆ayoitslux|glhf\n|c|☆menace2sociteh|just a sec\n|\n|t:|1760972471\n|teamsize|p1|6\n|teamsize|p2|6\n|start\n|switch|p1a: Ting-Lu|Ting-Lu|100/100\n|switch|p2a: Elecprobe|Elecprobe|100/100\n|-ability|p1a: Ting-Lu|Vessel of Ruin\n|turn|1\n|\n|t:|1760972489\n|move|p2a: Elecprobe|Leaf Storm|p1a: Ting-Lu\n|-supereffective|p1a: Ting-Lu\n|-damage|p1a: Ting-Lu|23/100\n|-unboost|p2a: Elecprobe|spa|2\n|-enditem|p2a: Elecprobe|Eject Pack\n|\n|t:|1760972506\n|switch|p2a: Gloomhorn|Gloomhorn, F|100/100\n|move|p1a: Ting-Lu|Earthquake|p2a: Gloomhorn\n|-damage|p2a: Gloomhorn|62/100\n|\n|-heal|p1a: Ting-Lu|29/100|[from] item: Leftovers\n|-status|p2a: Gloomhorn|tox|[from] item: Toxic Orb\n|upkeep\n|turn|2\n|\n|t:|1760972516\n|move|p2a: Gloomhorn|Drain Punch|p1a: Ting-Lu\n|-supereffective|p1a: Ting-Lu\n|-damage|p1a: Ting-Lu|5/100\n|-heal|p2a: Gloomhorn|79/100 tox|[from] drain|[of] p1a: Ting-Lu\n|move|p1a: Ting-Lu|Stealth Rock|p2a: Gloomhorn\n|-sidestart|p2: menace2sociteh|move: Stealth Rock\n|\n|-heal|p1a: Ting-Lu|11/100|[from] item: Leftovers\n|-heal|p2a: Gloomhorn|91/100 tox|[from] ability: Poison Heal\n|upkeep\n|turn|3\n|\n|t:|1760972526\n|switch|p1a: Diamoneye|Diamoneye, F|100/100\n|move|p2a: Gloomhorn|Swords Dance|p2a: Gloomhorn\n|-boost|p2a: Gloomhorn|atk|2\n|\n|-heal|p2a: Gloomhorn|100/100 tox|[from] ability: Poison Heal\n|upkeep\n|turn|4\n|\n|t:|1760972532\n|move|p1a: Diamoneye|Knock Off|p2a: Gloomhorn\n|-damage|p2a: Gloomhorn|64/100 tox\n|-enditem|p2a: Gloomhorn|Toxic Orb|[from] move: Knock Off|[of] p1a: Diamoneye\n|move|p2a: Gloomhorn|Poltergeist|p1a: Diamoneye|[miss]\n|-miss|p2a: Gloomhorn|p1a: Diamoneye\n|\n|-heal|p2a: Gloomhorn|76/100 tox|[from] ability: Poison Heal\n|upkeep\n|turn|5\n|\n|t:|1760972537\n|move|p1a: Diamoneye|Knock Off|p2a: Gloomhorn\n|-damage|p2a: Gloomhorn|54/100 tox\n|move|p2a: Gloomhorn|Poltergeist|p1a: Diamoneye\n|-activate|p1a: Diamoneye|move: Poltergeist|Leftovers\n|-damage|p1a: Diamoneye|0 fnt\n|faint|p1a: Diamoneye\n|\n|-heal|p2a: Gloomhorn|66/100 tox|[from] ability: Poison Heal\n|upkeep\n|\n|t:|1760972559\n|switch|p1a: Iron Spike|Iron Spike, F|100/100\n|turn|6\n|\n|t:|1760972578\n|switch|p2a: Wild Wind|Wild Wind, M|100/100\n|-damage|p2a: Wild Wind|88/100|[from] Stealth Rock\n|move|p1a: Iron Spike|Haze|p1a: Iron Spike\n|-clearallboost\n|\n|upkeep\n|turn|7\n|\n|t:|1760972583\n|move|p2a: Wild Wind|Stun Spore|p1a: Iron Spike\n|-status|p1a: Iron Spike|par\n|move|p1a: Iron Spike|Flip Turn|p2a: Wild Wind\n|-resisted|p2a: Wild Wind\n|-damage|p2a: Wild Wind|80/100\n|-damage|p1a: Iron Spike|84/100 par|[from] item: Rocky Helmet|[of] p2a: Wild Wind\n|\n|t:|1760972587\n|-end|p1a: Iron Spike|Quark Drive|[silent]\n|switch|p1a: Iron Moth|Iron Moth|100/100|[from] Flip Turn\n|-enditem|p1a: Iron Moth|Booster Energy\n|-activate|p1a: Iron Moth|ability: Quark Drive|[fromitem]\n|-start|p1a: Iron Moth|quarkdrivespe\n|\n|upkeep\n|turn|8\n|j| GamerNotFound2025\n|\n|t:|1760972602\n|-end|p2a: Wild Wind|Protosynthesis|[silent]\n|switch|p2a: Hippowdon|Hippowdon, M|100/100\n|-damage|p2a: Hippowdon|94/100|[from] Stealth Rock\n|-weather|Sandstorm|[from] ability: Sand Stream|[of] p2a: Hippowdon\n|move|p1a: Iron Moth|Substitute|p1a: Iron Moth\n|-start|p1a: Iron Moth|Substitute\n|-damage|p1a: Iron Moth|76/100\n|\n|-weather|Sandstorm|[upkeep]\n|-damage|p1a: Iron Moth|70/100|[from] Sandstorm\n|upkeep\n|turn|9\n|\n|t:|1760972630\n|move|p1a: Iron Moth|Fiery Dance|p2a: Hippowdon\n|-damage|p2a: Hippowdon|65/100\n|-enditem|p2a: Hippowdon|Eject Button\n|c| GamerNotFound2025|Lux you suck\n|l| GamerNotFound2025\n|\n|t:|1760972658\n|switch|p2a: Tyrantrum|Tyrantrum, M|100/100\n|-damage|p2a: Tyrantrum|88/100|[from] Stealth Rock\n|\n|-weather|Sandstorm|[upkeep]\n|-damage|p1a: Iron Moth|64/100|[from] Sandstorm\n|upkeep\n|turn|10\n|j| The_Shawdoin\n|j| GamerNotFound2025\n|\n|t:|1760972675\n|detailschange|p2a: Tyrantrum|Tyrantrum-Mega, M\n|-mega|p2a: Tyrantrum|Tyrantrum|Tyrantrumite\n|move|p1a: Iron Moth|Fiery Dance|p2a: Tyrantrum\n|-resisted|p2a: Tyrantrum\n|-damage|p2a: Tyrantrum|73/100\n|move|p2a: Tyrantrum|Crunch|p1a: Iron Moth\n|-end|p1a: Iron Moth|Substitute\n|\n|-weather|Sandstorm|[upkeep]\n|-damage|p1a: Iron Moth|58/100|[from] Sandstorm\n|upkeep\n|turn|11\n|\n|t:|1760972687\n|-end|p1a: Iron Moth|Quark Drive|[silent]\n|switch|p1a: Ting-Lu|Ting-Lu|11/100\n|-ability|p1a: Ting-Lu|Vessel of Ruin\n|move|p2a: Tyrantrum|Rock Polish|p2a: Tyrantrum\n|-boost|p2a: Tyrantrum|spe|2\n|\n|-weather|Sandstorm|[upkeep]\n|-heal|p1a: Ting-Lu|17/100|[from] item: Leftovers\n|upkeep\n|turn|12\n|c|☆ayoitslux|welp\n|\n|t:|1760972692\n|move|p2a: Tyrantrum|Play Rough|p1a: Ting-Lu\n|-supereffective|p1a: Ting-Lu\n|-damage|p1a: Ting-Lu|0 fnt\n|faint|p1a: Ting-Lu\n|\n|-weather|none\n|upkeep\n|\n|t:|1760972695\n|switch|p1a: Flygon|Flygon, F, shiny|100/100\n|turn|13\n|c| GamerNotFound2025|Gg\n|c|☆ayoitslux|imagine if I got my fiery dance\n|\n|t:|1760972711\n|switch|p2a: Corviknight|Corviknight, F|100/100\n|-damage|p2a: Corviknight|88/100|[from] Stealth Rock\n|-ability|p2a: Corviknight|Pressure\n|detailschange|p1a: Flygon|Flygon-Mega-A, F, shiny\n|-mega|p1a: Flygon|Flygon|Flygonite A\n|move|p1a: Flygon|First Impression|p2a: Corviknight\n|-resisted|p2a: Corviknight\n|-damage|p2a: Corviknight|81/100\n|-damage|p1a: Flygon|84/100|[from] item: Rocky Helmet|[of] p2a: Corviknight\n|\n|-ability|p1a: Flygon|Speed Boost|boost\n|-boost|p1a: Flygon|spe|1\n|upkeep\n|turn|14\n|c| GamerNotFound2025|Huh \n|\n|t:|1760972720\n|switch|p1a: Iron Moth|Iron Moth|58/100\n|move|p2a: Corviknight|Roost|p2a: Corviknight\n|-heal|p2a: Corviknight|100/100\n|-singleturn|p2a: Corviknight|move: Roost\n|\n|upkeep\n|turn|15\n|\n|t:|1760972726\n|switch|p2a: Hippowdon|Hippowdon, M|65/100\n|-damage|p2a: Hippowdon|59/100|[from] Stealth Rock\n|-weather|Sandstorm|[from] ability: Sand Stream|[of] p2a: Hippowdon\n|move|p1a: Iron Moth|Fiery Dance|p2a: Hippowdon\n|-crit|p2a: Hippowdon\n|-damage|p2a: Hippowdon|18/100\n|-boost|p1a: Iron Moth|spa|1\n|\n|-weather|Sandstorm|[upkeep]\n|-damage|p1a: Iron Moth|52/100|[from] Sandstorm\n|upkeep\n|turn|16\n|\n|t:|1760972734\n|move|p1a: Iron Moth|Fiery Dance|p2a: Hippowdon\n|-damage|p2a: Hippowdon|0 fnt\n|faint|p2a: Hippowdon\n|\n|-weather|Sandstorm|[upkeep]\n|-damage|p1a: Iron Moth|46/100|[from] Sandstorm\n|upkeep\n|c| GamerNotFound2025|You're still fucked \n|c| GamerNotFound2025|It doesn't matter \n|\n|t:|1760972745\n|switch|p2a: Elecprobe|Elecprobe|100/100\n|-damage|p2a: Elecprobe|88/100|[from] Stealth Rock\n|turn|17\n|c|☆ayoitslux|I win on the spot \n|\n|t:|1760972752\n|-end|p1a: Iron Moth|Quark Drive|[silent]\n|switch|p1a: Iron Spike|Iron Spike, F|84/100 par\n|-terastallize|p2a: Elecprobe|Electric\n|move|p2a: Elecprobe|Electro Drift|p1a: Iron Spike\n|-supereffective|p1a: Iron Spike\n|-damage|p1a: Iron Spike|0 fnt\n|faint|p1a: Iron Spike\n|-end|p1a: Iron Spike|Quark Drive|[silent]\n|\n|-weather|Sandstorm|[upkeep]\n|-damage|p2a: Elecprobe|82/100|[from] Sandstorm\n|upkeep\n|c| GamerNotFound2025|Cope\n|\n|t:|1760972757\n|switch|p1a: Flygon|Flygon-Mega-A, F, shiny|84/100\n|turn|18\n|c| GamerNotFound2025|Damn it didn't take it\n|c| GamerNotFound2025|Wow\n|\n|t:|1760972766\n|switch|p2a: Corviknight|Corviknight, F|100/100\n|-damage|p2a: Corviknight|88/100|[from] Stealth Rock\n|-ability|p2a: Corviknight|Pressure\n|move|p1a: Flygon|Hone Claws|p1a: Flygon\n|-boost|p1a: Flygon|atk|1\n|-boost|p1a: Flygon|accuracy|1\n|\n|-weather|Sandstorm|[upkeep]\n|-damage|p1a: Flygon|78/100|[from] Sandstorm\n|-ability|p1a: Flygon|Speed Boost|boost\n|-boost|p1a: Flygon|spe|1\n|upkeep\n|turn|19\n|\n|t:|1760972772\n|move|p1a: Flygon|Fire Punch|p2a: Corviknight\n|-supereffective|p2a: Corviknight\n|-damage|p2a: Corviknight|34/100\n|-damage|p1a: Flygon|61/100|[from] item: Rocky Helmet|[of] p2a: Corviknight\n|move|p2a: Corviknight|Brave Bird|p1a: Flygon\n|-supereffective|p1a: Flygon\n|-damage|p1a: Flygon|0 fnt\n|faint|p1a: Flygon\n|detailschange|p1: Flygon|Flygon, F, shiny|[silent]\n|-damage|p2a: Corviknight|18/100|[from] Recoil\n|\n|-weather|none\n|upkeep\n|\n|t:|1760972778\n|switch|p1a: Mewtwah|Mewtwah, F|100/100\n|-ability|p1a: Mewtwah|Pressure\n|turn|20\n|\n|t:|1760972781\n|move|p1a: Mewtwah|Ice Beam|p2a: Corviknight\n|-damage|p2a: Corviknight|0 fnt\n|faint|p2a: Corviknight\n|-damage|p1a: Mewtwah|91/100|[from] item: Life Orb\n|\n|upkeep\n|\n|t:|1760972790\n|switch|p2a: Elecprobe|Elecprobe, tera:Electric|82/100\n|-damage|p2a: Elecprobe|70/100|[from] Stealth Rock\n|turn|21\n|\n|t:|1760972794\n|move|p2a: Elecprobe|Volt Switch|p1a: Mewtwah\n|-damage|p1a: Mewtwah|30/100\n|c| GamerNotFound2025|Gg\n|\n|t:|1760972797\n|switch|p2a: Wild Wind|Wild Wind, M|80/100|[from] Volt Switch\n|-damage|p2a: Wild Wind|68/100|[from] Stealth Rock\n|move|p1a: Mewtwah|Psystrike|p2a: Wild Wind\n|-damage|p2a: Wild Wind|7/100\n|-damage|p1a: Mewtwah|20/100|[from] item: Life Orb\n|\n|upkeep\n|turn|22\n|\n|t:|1760972802\n|move|p1a: Mewtwah|Ice Beam|p2a: Wild Wind\n|-supereffective|p2a: Wild Wind\n|-damage|p2a: Wild Wind|0 fnt\n|faint|p2a: Wild Wind\n|-end|p2a: Wild Wind|Protosynthesis|[silent]\n|-damage|p1a: Mewtwah|11/100|[from] item: Life Orb\n|\n|upkeep\n|\n|t:|1760972806\n|switch|p2a: Elecprobe|Elecprobe, tera:Electric|70/100\n|-damage|p2a: Elecprobe|58/100|[from] Stealth Rock\n|turn|23\n|\n|t:|1760972808\n|move|p2a: Elecprobe|Electro Drift|p1a: Mewtwah\n|-damage|p1a: Mewtwah|0 fnt\n|faint|p1a: Mewtwah\n|\n|upkeep\n|\n|t:|1760972810\n|switch|p1a: Iron Moth|Iron Moth|46/100\n|turn|24\n|\n|t:|1760972813\n|move|p2a: Elecprobe|Electro Drift|p1a: Iron Moth\n|-damage|p1a: Iron Moth|0 fnt\n|faint|p1a: Iron Moth\n|-end|p1a: Iron Moth|Quark Drive|[silent]\n|\n|win|menace2sociteh\n|c|☆ayoitslux|gg\n|c|☆menace2sociteh|gg\n|l|☆ayoitslux\n|player|p1|\n|c|☆menace2sociteh|talk on disc!\n","players":["ayoitslux","menace2sociteh"],"format":"[Gen 9] NatDex Draft","rating":null,"private":1,"password":"2p6npp8kr4egq4guq9xxlrqmi4t349p","inputlog":">version f5040886e674df30a81d8aa6703a640b23e7a073\n>start {\"formatid\":\"gen9natdexdraft@@@Tera Type Preview\",\"seed\":\"sodium,9ebcd14246aa31ab468e9abba2f49ba8\"}\n>player p1 {\"name\":\"ayoitslux\",\"avatar\":\"101\",\"team\":\"Diamoneye||Leftovers|Prankster|WillOWisp,KnockOff,Recover,DestinyBond|Impish|252,,252,,4,|F||||,,,,,Ghost]Iron Spike||Leftovers|QuarkDrive|Scald,Haze,RapidSpin,FlipTurn|Bold|252,,252,,4,|F||||,,,,,Water]Ting-Lu||Leftovers|VesselofRuin|StealthRock,Earthquake,Ruination,Whirlwind|Impish|252,,252,,4,|N||||,,,,,Dark]Mewtwah||LifeOrb|Pressure|Psystrike,IceBeam,Thunderbolt,NastyPlot|Timid|56,,,252,,200|F|,0,,,,|||,,,,,Fighting]Flygon||FlygoniteA|Levitate|DragonRush,FirstImpression,FirePunch,HoneClaws|Jolly|56,252,,,,200|F||S||,,,,,Ground]Iron Moth||BoosterEnergy|QuarkDrive|FieryDance,DazzlingGleam,EnergyBall,Substitute|Timid|,,124,132,,252|N|,0,,,,|||,,,,,Fire\",\"rating\":0}\n>player p2 {\"name\":\"menace2sociteh\",\"avatar\":\"101\",\"team\":\"Gloomhorn||ToxicOrb|PoisonHeal|SwordsDance,ShadowSneak,DrainPunch,Poltergeist|Adamant|252,252,,,4,|F||||,,,,,Dark]Wild Wind||RockyHelmet|Protosynthesis|StunSpore,Synthesis,Encore,DireClaw|Jolly|,,24,,252,232|M||||,,,,,Fairy]Hippowdon||EjectButton|SandStream|Earthquake,SlackOff,Toxic,StealthRock|Careful|252,,4,,252,|M||||,,,,,Ground]Tyrantrum||Tyrantrumite|StrongJaw|Crunch,CloseCombat,PlayRough,RockPolish|Adamant|128,252,,,,128|M||||,,,,,Rock]Corviknight||RockyHelmet|Pressure|BraveBird,Roost,Tailwind,Defog|Impish|248,28,232,,,|F||||,,,,,Flying]Elecprobe||EjectPack|Aftermath|ElectroDrift,VoltSwitch,FoulPlay,LeafStorm|Modest|104,,,252,,152|N|,0,,,,|||,,,,,Electric\",\"rating\":0}\n>chat ☆menace2sociteh|hfff\n>chat ☆ayoitslux|glhf\n>chat ☆menace2sociteh|just a sec\n>p1 team 3, 2, 1, 4, 5, 6\n>p2 team 6, 2, 3, 4, 5, 1\n>p1 move earthquake\n>p2 move leafstorm\n>p2 switch 6\n>p1 move stealthrock\n>p2 move drainpunch\n>p1 switch 3\n>p2 move swordsdance\n>p1 move knockoff\n>p2 move poltergeist\n>p1 move knockoff\n>p2 move poltergeist\n>p1 switch 2\n>p1 move haze\n>p2 switch 2\n>p1 move flipturn\n>p2 move stunspore\n>p1 switch 6\n>p1 move substitute\n>p2 switch 3\n>p1 move fierydance\n>p2 move earthquake\n>chat  GamerNotFound2025|Lux you suck\n>p2 switch 4\n>p1 move fierydance\n>p2 move crunch mega\n>p1 switch 3\n>p2 move rockpolish\n>chat ☆ayoitslux|welp\n>p1 move earthquake\n>p2 move playrough\n>p1 switch 5\n>chat  GamerNotFound2025|Gg\n>chat ☆ayoitslux|imagine if I got my fiery dance\n>p1 move firstimpression mega\n>p2 switch 5\n>chat  GamerNotFound2025|Huh \n>p1 switch 3\n>p2 move roost\n>p1 move fierydance\n>p2 switch 4\n>p1 move fierydance\n>p2 move earthquake\n>chat  GamerNotFound2025|You're still fucked \n>chat  GamerNotFound2025|It doesn't matter \n>p2 switch 6\n>chat ☆ayoitslux|I win on the spot \n>p1 switch 6\n>p2 move electrodrift terastallize\n>chat  GamerNotFound2025|Cope\n>p1 switch 3\n>chat  GamerNotFound2025|Damn it didn't take it\n>chat  GamerNotFound2025|Wow\n>p1 move honeclaws\n>p2 switch 4\n>p1 move firepunch\n>p2 move bravebird\n>p1 switch 4\n>p1 move icebeam\n>p2 move tailwind\n>p2 switch 4\n>p1 move psystrike\n>p2 move voltswitch\n>chat  GamerNotFound2025|Gg\n>p2 switch 3\n>p1 move icebeam\n>p2 move stunspore\n>p2 switch 3\n>p1 move psystrike\n>p2 move electrodrift\n>p1 switch 6\n>p1 move fierydance\n>p2 move electrodrift","uploadtime":1760972835}