{"id":"gen9customgame-86","log":"|j|☆sponsoredbyNordVPN\n|j|☆Paying Attenton\n|t:|1760753945\n|gametype|singles\n|player|p1|sponsoredbyNordVPN|102|\n|player|p2|Paying Attenton|265|\n|gen|9\n|tier|[Gen 9] Custom Game\n|clearpoke\n|poke|p1|Big Trungus|\n|poke|p1|Big Trungus, M|\n|poke|p1|Big Trungus|\n|poke|p1|Big Trungus|\n|poke|p1|Big Trungus|\n|poke|p1|Big Trungus, M|\n|poke|p2|Braviary|\n|poke|p2|Darkrai|\n|poke|p2|Ting-Lu|\n|poke|p2|Raging Bolt|\n|poke|p2|Alomomola|\n|poke|p2|Zamazenta-*|\n|teampreview\n|\n|t:|1760753959\n|teamsize|p1|6\n|teamsize|p2|6\n|start\n|switch|p1a: Big Johnpaul|Big Trungus, M|474/474\n|switch|p2a: Braviary|Braviary|369/369\n|turn|1\n|\n|t:|1760753971\n|move|p1a: Big Johnpaul|Light Screen|p1a: Big Johnpaul\n|-sidestart|p1: sponsoredbyNordVPN|move: Light Screen\n|move|p2a: Braviary|Sky Attack||[still]\n|-prepare|p2a: Braviary|Sky Attack\n|-enditem|p2a: Braviary|Power Herb\n|debug|power herb - remove charge turn for skyattack\n|-anim|p2a: Braviary|Sky Attack|p1a: Big Johnpaul\n|-damage|p1a: Big Johnpaul|212/474\n|\n|upkeep\n|turn|2\n|\n|t:|1760753979\n|move|p1a: Big Johnpaul|Reflect|p1a: Big Johnpaul\n|-sidestart|p1: sponsoredbyNordVPN|Reflect\n|move|p2a: Braviary|Agility|p2a: Braviary\n|-boost|p2a: Braviary|spe|2\n|\n|upkeep\n|turn|3\n|\n|t:|1760753985\n|debug|priority charge callback: chillyreception\n|move|p2a: Braviary|Acrobatics|p1a: Big Johnpaul\n|debug|BP doubled for no item\n|debug|Reflect weaken\n|-damage|p1a: Big Johnpaul|137/474\n|-prepare|p1a: Big Johnpaul|Chilly Reception|[premajor]\n|move|p1a: Big Johnpaul|Chilly Reception|p1a: Big Johnpaul\n|-weather|Snowscape\n|\n|t:|1760754006\n|switch|p1a: Big Africa|Big Trungus, M|411/411|[from] Chilly Reception\n|\n|-weather|Snowscape|[upkeep]\n|upkeep\n|turn|4\n|\n|t:|1760754016\n|switch|p2a: Zamazenta|Zamazenta|325/325\n|-ability|p2a: Zamazenta|Dauntless Shield|boost\n|-boost|p2a: Zamazenta|def|1\n|move|p1a: Big Africa|Rain Dance|p1a: Big Africa\n|-weather|RainDance\n|\n|-weather|RainDance|[upkeep]\n|upkeep\n|turn|5\n|\n|t:|1760754024\n|move|p2a: Zamazenta|Howl|p2a: Zamazenta\n|-boost|p2a: Zamazenta|atk|1\n|move|p1a: Big Africa|Hurricane|p2a: Zamazenta\n|-supereffective|p2a: Zamazenta\n|-damage|p2a: Zamazenta|43/325\n|-start|p2a: Zamazenta|confusion\n|\n|-weather|RainDance|[upkeep]\n|upkeep\n|turn|6\n|\n|t:|1760754033\n|-activate|p2a: Zamazenta|confusion\n|move|p2a: Zamazenta|Close Combat|p1a: Big Africa\n|-supereffective|p1a: Big Africa\n|debug|Reflect weaken\n|-damage|p1a: Big Africa|114/411\n|-unboost|p2a: Zamazenta|def|1\n|-unboost|p2a: Zamazenta|spd|1\n|move|p1a: Big Africa|Hurricane|p2a: Zamazenta\n|-supereffective|p2a: Zamazenta\n|-damage|p2a: Zamazenta|0 fnt\n|faint|p2a: Zamazenta\n|\n|-weather|RainDance|[upkeep]\n|upkeep\n|\n|t:|1760754041\n|switch|p2a: Darkrai|Darkrai|281/281\n|turn|7\n|\n|t:|1760754046\n|move|p2a: Darkrai|Ice Beam|p1a: Big Africa\n|-supereffective|p1a: Big Africa\n|debug|Light Screen weaken\n|-damage|p1a: Big Africa|2/411\n|-enditem|p1a: Big Africa|Salac Berry|[eat]\n|-boost|p1a: Big Africa|spe|1|[from] item: Salac Berry\n|move|p1a: Big Africa|Hurricane|p2a: Darkrai\n|-damage|p2a: Darkrai|113/281\n|-start|p2a: Darkrai|confusion\n|\n|-weather|RainDance|[upkeep]\n|upkeep\n|turn|8\n|\n|t:|1760754056\n|switch|p2a: Alomomola|Alomomola|485/485\n|move|p1a: Big Africa|Hurricane|p2a: Alomomola\n|-damage|p2a: Alomomola|309/485\n|-start|p2a: Alomomola|confusion\n|\n|-weather|none\n|-sideend|p1: sponsoredbyNordVPN|move: Light Screen\n|upkeep\n|turn|9\n|\n|t:|1760754059\n|move|p1a: Big Africa|Thunder|p2a: Alomomola\n|-supereffective|p2a: Alomomola\n|-damage|p2a: Alomomola|0 fnt\n|debug|move failed because it did nothing\n|faint|p2a: Alomomola\n|\n|-sideend|p1: sponsoredbyNordVPN|Reflect\n|upkeep\n|\n|t:|1760754064\n|switch|p2a: Darkrai|Darkrai|113/281\n|turn|10\n|\n|t:|1760754068\n|move|p1a: Big Africa|Hydro Pump|p2a: Darkrai\n|-damage|p2a: Darkrai|0 fnt\n|faint|p2a: Darkrai\n|\n|upkeep\n|\n|t:|1760754072\n|switch|p2a: Braviary|Braviary|369/369\n|turn|11\n|\n|t:|1760754076\n|move|p1a: Big Africa|Thunder|p2a: Braviary\n|-supereffective|p2a: Braviary\n|-damage|p2a: Braviary|0 fnt\n|faint|p2a: Braviary\n|\n|upkeep\n|\n|t:|1760754079\n|switch|p2a: Ting-Lu|Ting-Lu|513/513\n|-ability|p2a: Ting-Lu|Vessel of Ruin\n|turn|12\n|\n|t:|1760754083\n|move|p1a: Big Africa|Hydro Pump|p2a: Ting-Lu\n|debug|Vessel of Ruin SpA drop\n|-supereffective|p2a: Ting-Lu\n|-damage|p2a: Ting-Lu|293/513\n|-enditem|p2a: Ting-Lu|Weakness Policy\n|-boost|p2a: Ting-Lu|atk|2|[from] item: Weakness Policy\n|-boost|p2a: Ting-Lu|spa|2|[from] item: Weakness Policy\n|move|p2a: Ting-Lu|Earthquake|p1a: Big Africa\n|-damage|p1a: Big Africa|0 fnt\n|faint|p1a: Big Africa\n|\n|upkeep\n|\n|t:|1760754113\n|switch|p1a: Big Johnpaul|Big Trungus, M|137/474\n|turn|13\n|\n|t:|1760754124\n|move|p1a: Big Johnpaul|Reflect|p1a: Big Johnpaul\n|-sidestart|p1: sponsoredbyNordVPN|Reflect\n|move|p2a: Ting-Lu|Earthquake|p1a: Big Johnpaul\n|debug|Reflect weaken\n|-damage|p1a: Big Johnpaul|22/474\n|\n|upkeep\n|turn|14\n|\n|t:|1760754132\n|move|p1a: Big Johnpaul|Light Screen|p1a: Big Johnpaul\n|-sidestart|p1: sponsoredbyNordVPN|move: Light Screen\n|move|p2a: Ting-Lu|Spikes|p1a: Big Johnpaul\n|-sidestart|p1: sponsoredbyNordVPN|Spikes\n|\n|upkeep\n|turn|15\n|\n|t:|1760754136\n|debug|priority charge callback: chillyreception\n|-prepare|p1a: Big Johnpaul|Chilly Reception|[premajor]\n|move|p1a: Big Johnpaul|Chilly Reception|p1a: Big Johnpaul\n|-weather|Snowscape\n|\n|t:|1760754163\n|switch|p1a: Big Slugslug|Big Trungus|411/411|[from] Chilly Reception\n|-damage|p1a: Big Slugslug|360/411|[from] Spikes\n|move|p2a: Ting-Lu|Spikes|p1a: Big Slugslug\n|-sidestart|p1: sponsoredbyNordVPN|Spikes\n|\n|-weather|Snowscape|[upkeep]\n|upkeep\n|turn|16\n|\n|t:|1760754171\n|move|p1a: Big Slugslug|No Retreat|p1a: Big Slugslug\n|-boost|p1a: Big Slugslug|atk|1\n|-boost|p1a: Big Slugslug|def|1\n|-boost|p1a: Big Slugslug|spa|1\n|-boost|p1a: Big Slugslug|spd|1\n|-boost|p1a: Big Slugslug|spe|1\n|-start|p1a: Big Slugslug|move: No Retreat\n|move|p2a: Ting-Lu|Earthquake|p1a: Big Slugslug\n|debug|Reflect weaken\n|-damage|p1a: Big Slugslug|258/411\n|\n|-weather|Snowscape|[upkeep]\n|upkeep\n|turn|17\n|\n|t:|1760754184\n|-terastallize|p1a: Big Slugslug|Fairy\n|move|p1a: Big Slugslug|Draining Kiss|p2a: Ting-Lu\n|debug|Vessel of Ruin SpA drop\n|-supereffective|p2a: Ting-Lu\n|-damage|p2a: Ting-Lu|0 fnt\n|-heal|p1a: Big Slugslug|411/411|[from] drain|[of] p2a: Ting-Lu\n|faint|p2a: Ting-Lu\n|\n|-weather|Snowscape|[upkeep]\n|upkeep\n|\n|t:|1760754188\n|switch|p2a: Raging Bolt|Raging Bolt|453/453\n|turn|18\n|\n|t:|1760754194\n|-terastallize|p2a: Raging Bolt|Bug\n|move|p1a: Big Slugslug|Draining Kiss|p2a: Raging Bolt\n|-crit|p2a: Raging Bolt\n|-damage|p2a: Raging Bolt|116/453\n|move|p2a: Raging Bolt|Calm Mind|p2a: Raging Bolt\n|-boost|p2a: Raging Bolt|spa|1\n|-boost|p2a: Raging Bolt|spd|1\n|\n|-weather|Snowscape|[upkeep]\n|upkeep\n|turn|19\n|\n|t:|1760754201\n|move|p1a: Big Slugslug|Draining Kiss|p2a: Raging Bolt\n|-damage|p2a: Raging Bolt|0 fnt\n|faint|p2a: Raging Bolt\n|-end|p2a: Raging Bolt|Protosynthesis|[silent]\n|\n|win|sponsoredbyNordVPN\n|l|☆Paying Attenton\n|player|p2|\n","players":["sponsoredbyNordVPN","Paying Attenton"],"format":"[Gen 9] Custom Game","rating":null,"private":1,"password":"fi4ie3cj44nr7dgkyy99p07xp9o9uup","inputlog":">version 266cd7969f11373d44307dd452d2e51e08c39070\n>start {\"formatid\":\"gen9customgame\",\"seed\":\"sodium,85e3e32e71cef52d65bc15da9d277348\"}\n>player p1 {\"name\":\"sponsoredbyNordVPN\",\"avatar\":\"102\",\"team\":\"Big Trungite|BigTrungus|SilkScarf|AncientTrungnology|ExtremeSpeed,HeadlongRush,SwordsDance,Trailblaze|Adamant|,252,4,,,252|N||||,,,,,Normal]Big Johnpaul|BigTrungus|LightClay|AncientTrungnology|KnockOff,LightScreen,Reflect,ChillyReception|Impish|252,4,252,,,|M||||,,,,,Normal]Big Slugslug|BigTrungus|FairyFeather|AncientTrungnology|DrainingKiss,EarthPower,MilkDrink,NoRetreat|Timid|,,,252,4,252|N|,0,,,,|||,,,,,Fairy]Big Floater|BigTrungus|AirBalloon|AncientTrungnology|Earthquake,StealthRock,Spikes,HealingWish|Careful|248,4,4,,252,|N||||,,,,,Ghost]Big Twofer|BigTrungus|ChoiceScarf|RockHead|ExtremeSpeed,HeadlongRush,HeadSmash,CloseCombat|Jolly|,252,,,4,252|N||||,,,,,Ground]Big Africa|BigTrungus|SalacBerry|AncientTrungnology|HydroPump,Hurricane,Thunder,RainDance|Timid|,,,252,4,252|M|,0,,,,|||,,,,,Normal\",\"rating\":0}\n>player p2 {\"name\":\"Paying Attenton\",\"avatar\":\"265\",\"team\":\"Braviary||PowerHerb|SheerForce|SkyAttack,Acrobatics,BodySlam,Agility|Adamant|112,252,4,,,140|N||||,,,,,Flying]Darkrai||HeavyDutyBoots|BadDreams|DarkPulse,Taunt,SludgeBomb,IceBeam|Timid|,,,252,4,252|N|,0,,,,|||,,,,,Poison]Ting-Lu||WeaknessPolicy|VesselofRuin|Payback,Earthquake,StealthRock,Spikes|Adamant|248,68,,,192,|N||||,,,,,Water]Raging Bolt||HeavyDutyBoots|Protosynthesis|Thunderbolt,CalmMind,Thunderclap,DragonPulse|Modest|248,,,200,,60|N|,20,,,,|||,,,,,Bug]Alomomola||HeavyDutyBoots|Regenerator|FlipTurn,HealingWish,Wish,Protect|Careful|56,,200,,252,|N||||,,,,,Water]Zamazenta||MirrorHerb|DauntlessShield|CloseCombat,StoneEdge,Crunch,Howl|Jolly|,252,,,4,252|N||||,,,,,Dark\",\"rating\":0}\n>p1 team 2, 1, 3, 4, 5, 6\n>p2 team 1, 2, 3, 4, 5, 6\n>p1 move lightscreen\n>p2 move skyattack\n>p1 move reflect\n>p2 move agility\n>p1 move chillyreception\n>p2 move acrobatics\n>p1 switch 6\n>p1 move raindance\n>p2 switch 6\n>p1 move hurricane\n>p2 move howl\n>p1 move hurricane\n>p2 move closecombat\n>p2 switch 2\n>p1 move hurricane\n>p2 move icebeam\n>p1 move hurricane\n>p2 switch 5\n>p1 move thunder\n>p2 move flipturn\n>p2 switch 5\n>p1 move hydropump\n>p2 move darkpulse\n>p2 switch 6\n>p1 move thunder\n>p2 move skyattack\n>p2 switch 3\n>p1 move hydropump\n>p2 move earthquake\n>p1 switch 6\n>p1 move reflect\n>p2 move earthquake\n>p1 move lightscreen\n>p2 move spikes\n>p1 move chillyreception\n>p2 move spikes\n>p1 switch 3\n>p1 move noretreat\n>p2 move earthquake\n>p1 move drainingkiss terastallize\n>p2 move earthquake\n>p2 switch 4\n>p1 move drainingkiss\n>p2 move calmmind terastallize\n>p1 move drainingkiss\n>p2 move calmmind","uploadtime":1760754217}