{"id":"gen9natdexdraft-115","log":"|j|☆SparksTheNeo\n|j|☆GenericZap\n|t:|1761260040\n|gametype|singles\n|player|p1|SparksTheNeo|102|\n|player|p2|GenericZap|n-masters|\n|gen|9\n|tier|[Gen 9] NatDex Draft\n|rule|Tera Type Preview: Tera Types are shown at Team Preview\n|rule|Sleep Clause Mod: Limit one foe put to sleep\n|rule|OHKO Clause: OHKO moves are banned\n|rule|Evasion Clause: Evasion abilities, items, and moves are banned\n|rule|Evasion Abilities Clause: Evasion abilities are banned\n|rule|Evasion Items Clause: Evasion items are banned\n|rule|Evasion Moves Clause: Evasion moves are banned\n|rule|Endless Battle Clause: Forcing endless battles is banned\n|rule|HP Percentage Mod: HP is shown in percentages\n|raw|<div class=\"infobox\"><details class=\"readmore\" open><summary><strong>1 custom rule:</strong></summary> Tera Type Preview</details></div>\n|clearpoke\n|poke|p1|Mienshao-Hoenn, F|\n|poke|p1|Heatran, M|\n|poke|p1|Roserade-Hell, M|\n|poke|p1|Ditto|\n|poke|p1|Toxapex, F|\n|poke|p1|Tsareena, F|\n|poke|p2|Chien-Pao|\n|poke|p2|Milotic-Hell, M|\n|poke|p2|Comfey, F|\n|poke|p2|Orchestarrot, F|\n|poke|p2|Vileplume, M|\n|poke|p2|Alomomola, F|\n|raw|SparksTheNeo's Tera Types:<br /><psicon pokemon=\"mienshaohoenn\" /><psicon type=\"Fighting\" /> / <psicon pokemon=\"heatran\" /><psicon type=\"Fairy\" /> / <psicon pokemon=\"roseradehell\" /><psicon type=\"Dark\" /> / <psicon pokemon=\"ditto\" /><psicon type=\"Fighting\" /> / <psicon pokemon=\"toxapex\" /><psicon type=\"Fairy\" /> / <psicon pokemon=\"tsareena\" /><psicon type=\"Grass\" />\n|raw|GenericZap's Tera Types:<br /><psicon pokemon=\"chienpao\" /><psicon type=\"Dark\" /> / <psicon pokemon=\"milotichell\" /><psicon type=\"Dragon\" /> / <psicon pokemon=\"comfey\" /><psicon type=\"Fairy\" /> / <psicon pokemon=\"orchestarrot\" /><psicon type=\"Normal\" /> / <psicon pokemon=\"vileplume\" /><psicon type=\"Normal\" /> / <psicon pokemon=\"alomomola\" /><psicon type=\"Water\" />\n|teampreview\n|\n|t:|1761260043\n|teamsize|p1|6\n|teamsize|p2|6\n|start\n|switch|p1a: Mienshao-Hoenn|Mienshao-Hoenn, F|100/100\n|switch|p2a: Binks|Chien-Pao|100/100\n|-ability|p2a: Binks|Sword of Ruin\n|turn|1\n|\n|t:|1761260046\n|switch|p2a: stupid fish|Alomomola, F|100/100\n|move|p1a: Mienshao-Hoenn|U-turn|p2a: stupid fish\n|-damage|p2a: stupid fish|85/100\n|-damage|p1a: Mienshao-Hoenn|84/100|[from] item: Rocky Helmet|[of] p2a: stupid fish\n|\n|t:|1761260052\n|switch|p1a: Toxapex|Toxapex, F|100/100|[from] U-turn\n|\n|upkeep\n|turn|2\n|\n|t:|1761260055\n|move|p2a: stupid fish|Knock Off|p1a: Toxapex\n|-damage|p1a: Toxapex|91/100\n|-damage|p2a: stupid fish|68/100|[from] item: Rocky Helmet|[of] p1a: Toxapex\n|-enditem|p1a: Toxapex|Rocky Helmet|[from] move: Knock Off|[of] p2a: stupid fish\n|move|p1a: Toxapex|Toxic|p2a: stupid fish\n|-status|p2a: stupid fish|tox\n|\n|-damage|p2a: stupid fish|62/100 tox|[from] psn\n|upkeep\n|turn|3\n|j| The_Shawdoin\n|\n|t:|1761260088\n|move|p2a: stupid fish|Flip Turn|p1a: Toxapex\n|-resisted|p1a: Toxapex\n|-damage|p1a: Toxapex|86/100\n|\n|t:|1761260105\n|switch|p2a: Hood classic|Orchestarrot, F|100/100|[from] Flip Turn\n|move|p1a: Toxapex|Scald|p2a: Hood classic\n|-damage|p2a: Hood classic|81/100\n|\n|upkeep\n|turn|4\n|\n|t:|1761260120\n|switch|p1a: Heatran|Heatran, M|100/100\n|move|p2a: Hood classic|Agility|p2a: Hood classic\n|-boost|p2a: Hood classic|spe|2\n|\n|upkeep\n|turn|5\n|\n|t:|1761260134\n|switch|p2a: stupid fish|Alomomola, F|95/100 tox\n|move|p1a: Heatran|Magma Storm|p2a: stupid fish\n|-resisted|p2a: stupid fish\n|-damage|p2a: stupid fish|78/100 tox\n|-activate|p2a: stupid fish|move: Magma Storm|[of] p1a: Heatran\n|\n|-damage|p2a: stupid fish|71/100 tox|[from] psn\n|-damage|p2a: stupid fish|59/100 tox|[from] move: Magma Storm|[partiallytrapped]\n|upkeep\n|turn|6\n|\n|t:|1761260168\n|switch|p1a: Mienshao-Hoenn|Mienshao-Hoenn, F|100/100\n|move|p2a: stupid fish|Flip Turn|p1a: Mienshao-Hoenn\n|-resisted|p1a: Mienshao-Hoenn\n|-damage|p1a: Mienshao-Hoenn|85/100\n|\n|t:|1761260179\n|switch|p2a: Nightmare|Comfey, F, shiny|100/100|[from] Flip Turn\n|\n|upkeep\n|turn|7\n|\n|t:|1761260214\n|switch|p1a: Tsareena|Tsareena, F|100/100\n|move|p2a: Nightmare|Calm Mind|p2a: Nightmare\n|-boost|p2a: Nightmare|spa|1\n|-boost|p2a: Nightmare|spd|1\n|\n|upkeep\n|turn|8\n|\n|t:|1761260257\n|move|p2a: Nightmare|Calm Mind|p2a: Nightmare\n|-boost|p2a: Nightmare|spa|1\n|-boost|p2a: Nightmare|spd|1\n|move|p1a: Tsareena|Trop Kick|p2a: Nightmare\n|-damage|p2a: Nightmare|67/100\n|-unboost|p2a: Nightmare|atk|1\n|\n|upkeep\n|turn|9\n|\n|t:|1761260269\n|move|p2a: Nightmare|Stored Power|p1a: Tsareena\n|-damage|p1a: Tsareena|58/100\n|move|p1a: Tsareena|Trop Kick|p2a: Nightmare\n|-damage|p2a: Nightmare|33/100\n|-unboost|p2a: Nightmare|atk|1\n|\n|upkeep\n|turn|10\n|\n|t:|1761260287\n|move|p2a: Nightmare|Stored Power|p1a: Tsareena\n|-damage|p1a: Tsareena|20/100\n|move|p1a: Tsareena|Trop Kick|p2a: Nightmare\n|-damage|p2a: Nightmare|0 fnt\n|faint|p2a: Nightmare\n|\n|upkeep\n|\n|t:|1761260306\n|switch|p2a: Hood classic|Orchestarrot, F|81/100\n|turn|11\n|\n|t:|1761260312\n|switch|p1a: Heatran|Heatran, M|100/100\n|-terastallize|p2a: Hood classic|Normal\n|move|p2a: Hood classic|Boomburst|p1a: Heatran\n|-resisted|p1a: Heatran\n|-damage|p1a: Heatran|75/100\n|-enditem|p2a: Hood classic|Throat Spray\n|-boost|p2a: Hood classic|spa|1|[from] item: Throat Spray\n|\n|-heal|p1a: Heatran|81/100|[from] item: Leftovers\n|upkeep\n|turn|12\n|\n|t:|1761260325\n|move|p2a: Hood classic|Boomburst|p1a: Heatran\n|-resisted|p1a: Heatran\n|-damage|p1a: Heatran|38/100\n|move|p1a: Heatran|Magma Storm|p2a: Hood classic\n|-damage|p2a: Hood classic|31/100\n|-activate|p2a: Hood classic|move: Magma Storm|[of] p1a: Heatran\n|\n|-heal|p1a: Heatran|44/100|[from] item: Leftovers\n|-damage|p2a: Hood classic|18/100|[from] move: Magma Storm|[partiallytrapped]\n|upkeep\n|turn|13\n|\n|t:|1761260367\n|move|p2a: Hood classic|Boomburst|p1a: Heatran\n|-resisted|p1a: Heatran\n|-damage|p1a: Heatran|2/100\n|move|p1a: Heatran|Stealth Rock|p2a: Hood classic\n|-sidestart|p2: GenericZap|move: Stealth Rock\n|\n|-heal|p1a: Heatran|8/100|[from] item: Leftovers\n|-damage|p2a: Hood classic|6/100|[from] move: Magma Storm|[partiallytrapped]\n|upkeep\n|turn|14\n|\n|t:|1761260376\n|switch|p1a: Tsareena|Tsareena, F|20/100\n|move|p2a: Hood classic|Boomburst|p1a: Tsareena\n|-crit|p1a: Tsareena\n|-damage|p1a: Tsareena|0 fnt\n|faint|p1a: Tsareena\n|\n|-end|p2a: Hood classic|Magma Storm|[partiallytrapped]|[silent]\n|upkeep\n|\n|t:|1761260380\n|switch|p1a: Ditto|Ditto|100/100\n|-transform|p1a: Ditto|p2a: Hood classic|[from] ability: Imposter\n|-start|p1a: Ditto|typechange|Normal/Psychic|[silent]\n|turn|15\n|\n|t:|1761260392\n|move|p1a: Ditto|Boomburst|p2a: Hood classic\n|-immune|p2a: Hood classic|[from] ability: Soundproof\n|move|p2a: Hood classic|Roost|p2a: Hood classic\n|-heal|p2a: Hood classic|56/100\n|\n|upkeep\n|turn|16\n|c|☆SparksTheNeo|oh bruh\n|\n|t:|1761260408\n|switch|p1a: Heatran|Heatran, M|8/100\n|move|p2a: Hood classic|Roost|p2a: Hood classic\n|-heal|p2a: Hood classic|100/100\n|\n|-heal|p1a: Heatran|14/100|[from] item: Leftovers\n|upkeep\n|turn|17\n|\n|t:|1761260414\n|move|p2a: Hood classic|Boomburst|p1a: Heatran\n|-resisted|p1a: Heatran\n|-damage|p1a: Heatran|0 fnt\n|faint|p1a: Heatran\n|\n|upkeep\n|c|☆SparksTheNeo|cant believe i forgot that\n|c|☆SparksTheNeo|i even made those stats\n|c|☆GenericZap|thats what i was thinking lol\n|\n|t:|1761260445\n|switch|p1a: Mienshao-Hoenn|Mienshao-Hoenn, F|100/100\n|turn|18\n|\n|t:|1761260493\n|switch|p2a: stupid fish|Alomomola, F|92/100 tox\n|-damage|p2a: stupid fish|80/100 tox|[from] Stealth Rock\n|move|p1a: Mienshao-Hoenn|Close Combat|p2a: stupid fish\n|-damage|p2a: stupid fish|38/100 tox\n|-unboost|p1a: Mienshao-Hoenn|def|1\n|-unboost|p1a: Mienshao-Hoenn|spd|1\n|-damage|p1a: Mienshao-Hoenn|84/100|[from] item: Rocky Helmet|[of] p2a: stupid fish\n|\n|-damage|p2a: stupid fish|32/100 tox|[from] psn\n|upkeep\n|turn|19\n|\n|t:|1761260507\n|switch|p2a: Saint Azamina|Vileplume, M|100/100\n|-damage|p2a: Saint Azamina|88/100|[from] Stealth Rock\n|move|p1a: Mienshao-Hoenn|Close Combat|p2a: Saint Azamina\n|-resisted|p2a: Saint Azamina\n|-damage|p2a: Saint Azamina|54/100\n|-unboost|p1a: Mienshao-Hoenn|def|1\n|-unboost|p1a: Mienshao-Hoenn|spd|1\n|\n|-heal|p2a: Saint Azamina|61/100|[from] item: Leftovers\n|upkeep\n|turn|20\n|c|☆SparksTheNeo|that effect spore being a ticking bomb\n|c|☆SparksTheNeo|gulpa\n|\n|t:|1761260531\n|switch|p1a: Ditto|Ditto|100/100\n|-transform|p1a: Ditto|p2a: Saint Azamina|[from] ability: Imposter\n|move|p2a: Saint Azamina|Synthesis|p2a: Saint Azamina\n|-heal|p2a: Saint Azamina|100/100\n|\n|upkeep\n|turn|21\n|\n|t:|1761260552\n|move|p1a: Ditto|Sludge Bomb|p2a: Saint Azamina\n|-damage|p2a: Saint Azamina|73/100\n|move|p2a: Saint Azamina|Sludge Bomb|p1a: Ditto\n|-damage|p1a: Ditto|69/100\n|\n|-heal|p2a: Saint Azamina|80/100|[from] item: Leftovers\n|upkeep\n|turn|22\n|\n|t:|1761260559\n|switch|p1a: Toxapex|Toxapex, F|100/100\n|move|p2a: Saint Azamina|Sludge Bomb|p1a: Toxapex\n|-resisted|p1a: Toxapex\n|-damage|p1a: Toxapex|86/100\n|\n|-heal|p2a: Saint Azamina|86/100|[from] item: Leftovers\n|upkeep\n|turn|23\n|\n|t:|1761260567\n|move|p2a: Saint Azamina|Leech Seed|p1a: Toxapex\n|-start|p1a: Toxapex|move: Leech Seed\n|move|p1a: Toxapex|Scald|p2a: Saint Azamina\n|-resisted|p2a: Saint Azamina\n|-damage|p2a: Saint Azamina|80/100\n|\n|-heal|p2a: Saint Azamina|86/100|[from] item: Leftovers\n|-damage|p1a: Toxapex|74/100|[from] Leech Seed|[of] p2a: Saint Azamina\n|-heal|p2a: Saint Azamina|97/100|[silent]\n|upkeep\n|turn|24\n|\n|t:|1761260586\n|switch|p2a: stupid fish|Alomomola, F|65/100 tox\n|-damage|p2a: stupid fish|53/100 tox|[from] Stealth Rock\n|move|p1a: Toxapex|Scald|p2a: stupid fish\n|-resisted|p2a: stupid fish\n|-damage|p2a: stupid fish|46/100 tox\n|\n|-damage|p1a: Toxapex|62/100|[from] Leech Seed|[of] p2a: stupid fish\n|-heal|p2a: stupid fish|53/100 tox|[silent]\n|-damage|p2a: stupid fish|47/100 tox|[from] psn\n|upkeep\n|turn|25\n|\n|t:|1761260599\n|switch|p1a: Mienshao-Hoenn|Mienshao-Hoenn, F|100/100\n|move|p2a: stupid fish|Wish|p2a: stupid fish\n|\n|-damage|p2a: stupid fish|35/100 tox|[from] psn\n|upkeep\n|turn|26\n|\n|t:|1761260647\n|switch|p2a: Saint Azamina|Vileplume, M|97/100\n|-damage|p2a: Saint Azamina|84/100|[from] Stealth Rock\n|move|p1a: Mienshao-Hoenn|Ice Spinner|p2a: Saint Azamina\n|-supereffective|p2a: Saint Azamina\n|-damage|p2a: Saint Azamina|19/100\n|-status|p1a: Mienshao-Hoenn|psn|[from] ability: Effect Spore|[of] p2a: Saint Azamina\n|\n|-heal|p2a: Saint Azamina|86/100|[from] move: Wish|[wisher] stupid fish\n|-heal|p2a: Saint Azamina|92/100|[from] item: Leftovers\n|-damage|p1a: Mienshao-Hoenn|88/100 psn|[from] psn\n|upkeep\n|turn|27\n|c|☆SparksTheNeo|got the good one\n|\n|t:|1761260665\n|switch|p1a: Toxapex|Toxapex, F|95/100\n|switch|p2a: stupid fish|Alomomola, F|68/100 tox\n|-damage|p2a: stupid fish|56/100 tox|[from] Stealth Rock\n|\n|-damage|p2a: stupid fish|50/100 tox|[from] psn\n|upkeep\n|turn|28\n|\n|t:|1761260684\n|switch|p1a: Roserade-Hell|Roserade-Hell, M|100/100\n|move|p2a: stupid fish|Wish|p2a: stupid fish\n|\n|-damage|p2a: stupid fish|37/100 tox|[from] psn\n|upkeep\n|turn|29\n|\n|t:|1761260758\n|move|p1a: Roserade-Hell|Swords Dance|p1a: Roserade-Hell\n|-boost|p1a: Roserade-Hell|atk|2\n|move|p2a: stupid fish|Flip Turn|p1a: Roserade-Hell\n|-damage|p1a: Roserade-Hell|70/100\n|\n|t:|1761260792\n|switch|p2a: Binks|Chien-Pao|100/100|[from] Flip Turn\n|-damage|p2a: Binks|76/100|[from] Stealth Rock\n|-ability|p2a: Binks|Sword of Ruin\n|\n|-heal|p2a: Binks|100/100|[from] move: Wish|[wisher] stupid fish\n|upkeep\n|turn|30\n|\n|t:|1761260840\n|switch|p1a: Mienshao-Hoenn|Mienshao-Hoenn, F|100/100 psn\n|move|p2a: Binks|Ice Spinner|p1a: Mienshao-Hoenn\n|-resisted|p1a: Mienshao-Hoenn\n|-damage|p1a: Mienshao-Hoenn|30/100 psn\n|\n|-damage|p1a: Mienshao-Hoenn|17/100 psn|[from] psn\n|upkeep\n|turn|31\n|\n|t:|1761260852\n|switch|p1a: Toxapex|Toxapex, F|100/100\n|switch|p2a: stupid fish|Alomomola, F|71/100 tox\n|-damage|p2a: stupid fish|58/100 tox|[from] Stealth Rock\n|\n|-damage|p2a: stupid fish|52/100 tox|[from] psn\n|upkeep\n|turn|32\n|\n|t:|1761260858\n|switch|p1a: Mienshao-Hoenn|Mienshao-Hoenn, F|51/100 psn\n|move|p2a: stupid fish|Flip Turn|p1a: Mienshao-Hoenn\n|-resisted|p1a: Mienshao-Hoenn\n|-damage|p1a: Mienshao-Hoenn|36/100 psn\n|\n|t:|1761260867\n|switch|p2a: Saint Azamina|Vileplume, M|92/100|[from] Flip Turn\n|-damage|p2a: Saint Azamina|80/100|[from] Stealth Rock\n|\n|-heal|p2a: Saint Azamina|86/100|[from] item: Leftovers\n|-damage|p1a: Mienshao-Hoenn|24/100 psn|[from] psn\n|upkeep\n|turn|33\n|\n|t:|1761260876\n|move|p1a: Mienshao-Hoenn|U-turn|p2a: Saint Azamina\n|-damage|p2a: Saint Azamina|62/100\n|\n|t:|1761260878\n|switch|p1a: Toxapex|Toxapex, F|100/100|[from] U-turn\n|move|p2a: Saint Azamina|Leech Seed|p1a: Toxapex\n|-start|p1a: Toxapex|move: Leech Seed\n|\n|-heal|p2a: Saint Azamina|68/100|[from] item: Leftovers\n|-damage|p1a: Toxapex|88/100|[from] Leech Seed|[of] p2a: Saint Azamina\n|-heal|p2a: Saint Azamina|79/100|[silent]\n|upkeep\n|turn|34\n|\n|t:|1761260893\n|switch|p2a: Hood classic|Orchestarrot, F, tera:Normal|100/100\n|-damage|p2a: Hood classic|88/100|[from] Stealth Rock\n|move|p1a: Toxapex|Scald|p2a: Hood classic\n|-damage|p2a: Hood classic|67/100\n|\n|-damage|p1a: Toxapex|76/100|[from] Leech Seed|[of] p2a: Hood classic\n|-heal|p2a: Hood classic|77/100|[silent]\n|upkeep\n|turn|35\n|\n|t:|1761260927\n|move|p2a: Hood classic|Boomburst|p1a: Toxapex\n|-damage|p1a: Toxapex|0 fnt\n|faint|p1a: Toxapex\n|\n|upkeep\n|\n|t:|1761260932\n|switch|p1a: Mienshao-Hoenn|Mienshao-Hoenn, F|57/100 psn\n|turn|36\n|\n|t:|1761260939\n|switch|p2a: stupid fish|Alomomola, F|86/100 tox\n|-damage|p2a: stupid fish|73/100 tox|[from] Stealth Rock\n|move|p1a: Mienshao-Hoenn|Close Combat|p2a: stupid fish\n|-damage|p2a: stupid fish|34/100 tox\n|-unboost|p1a: Mienshao-Hoenn|def|1\n|-unboost|p1a: Mienshao-Hoenn|spd|1\n|-damage|p1a: Mienshao-Hoenn|41/100 psn|[from] item: Rocky Helmet|[of] p2a: stupid fish\n|\n|-damage|p1a: Mienshao-Hoenn|29/100 psn|[from] psn\n|-damage|p2a: stupid fish|28/100 tox|[from] psn\n|upkeep\n|turn|37\n|\n|t:|1761260952\n|move|p1a: Mienshao-Hoenn|Close Combat|p2a: stupid fish\n|-damage|p2a: stupid fish|0 fnt\n|-unboost|p1a: Mienshao-Hoenn|def|1\n|-unboost|p1a: Mienshao-Hoenn|spd|1\n|-damage|p1a: Mienshao-Hoenn|12/100 psn|[from] item: Rocky Helmet|[of] p2a: stupid fish\n|faint|p2a: stupid fish\n|\n|-damage|p1a: Mienshao-Hoenn|0 fnt|[from] psn\n|faint|p1a: Mienshao-Hoenn\n|upkeep\n|\n|t:|1761260972\n|switch|p1a: Roserade-Hell|Roserade-Hell, M|70/100\n|switch|p2a: Saint Azamina|Vileplume, M|79/100\n|-damage|p2a: Saint Azamina|66/100|[from] Stealth Rock\n|turn|38\n|\n|t:|1761260979\n|detailschange|p1a: Roserade-Hell|Roserade-Hell-Mega, M\n|-mega|p1a: Roserade-Hell|Roserade-Hell|Roseradite HELL\n|move|p1a: Roserade-Hell|Wicked Blow|p2a: Saint Azamina\n|-crit|p2a: Saint Azamina\n|-damage|p2a: Saint Azamina|3/100\n|move|p2a: Saint Azamina|Sludge Bomb|p1a: Roserade-Hell\n|-supereffective|p1a: Roserade-Hell\n|-damage|p1a: Roserade-Hell|3/100\n|\n|-heal|p2a: Saint Azamina|10/100|[from] item: Leftovers\n|upkeep\n|turn|39\n|c|☆SparksTheNeo|monka\n|\n|t:|1761261132\n|move|p1a: Roserade-Hell|Wicked Blow|p2a: Saint Azamina\n|-crit|p2a: Saint Azamina\n|-damage|p2a: Saint Azamina|0 fnt\n|-status|p1a: Roserade-Hell|psn|[from] ability: Effect Spore|[of] p2a: Saint Azamina\n|faint|p2a: Saint Azamina\n|-ability|p1a: Roserade-Hell|Moxie|boost\n|-boost|p1a: Roserade-Hell|atk|1\n|\n|-damage|p1a: Roserade-Hell|0 fnt|[from] psn\n|faint|p1a: Roserade-Hell\n|detailschange|p1: Roserade-Hell|Roserade-Hell, M|[silent]\n|upkeep\n|c| The_Shawdoin|hm\n|c| The_Shawdoin|oof\n|c|☆SparksTheNeo|that poison\n|\n|t:|1761261149\n|switch|p1a: Ditto|Ditto|69/100\n|switch|p2a: Hood classic|Orchestarrot, F, tera:Normal|77/100\n|-damage|p2a: Hood classic|64/100|[from] Stealth Rock\n|-transform|p1a: Ditto|p2a: Hood classic|[from] ability: Imposter\n|turn|40\n|c| The_Shawdoin|get the copypaste ready\n|c|☆SparksTheNeo|prob ruined it\n|c|☆SparksTheNeo|damn\n|c|☆SparksTheNeo|if it didnt poison i think i had a chance\n|\n|t:|1761261170\n|move|p1a: Ditto|Psychic|p2a: Hood classic\n|-damage|p2a: Hood classic|11/100\n|move|p2a: Hood classic|Roost|p2a: Hood classic\n|-heal|p2a: Hood classic|61/100\n|\n|upkeep\n|turn|41\n|\n|t:|1761261181\n|move|p1a: Ditto|Psychic|p2a: Hood classic\n|-damage|p2a: Hood classic|11/100\n|move|p2a: Hood classic|Roost|p2a: Hood classic\n|-heal|p2a: Hood classic|61/100\n|\n|upkeep\n|turn|42\n|\n|t:|1761261188\n|move|p1a: Ditto|Psychic|p2a: Hood classic\n|-damage|p2a: Hood classic|11/100\n|move|p2a: Hood classic|Roost|p2a: Hood classic\n|-heal|p2a: Hood classic|61/100\n|\n|upkeep\n|turn|43\n|c|☆SparksTheNeo|gg\n|\n|t:|1761261195\n|move|p1a: Ditto|Psychic|p2a: Hood classic\n|-damage|p2a: Hood classic|11/100\n|move|p2a: Hood classic|Roost|p2a: Hood classic\n|-heal|p2a: Hood classic|61/100\n|\n|upkeep\n|turn|44\n|\n|t:|1761261201\n|move|p1a: Ditto|Psychic|p2a: Hood classic\n|-damage|p2a: Hood classic|4/100\n|move|p2a: Hood classic|Roost|p2a: Hood classic\n|-heal|p2a: Hood classic|54/100\n|\n|upkeep\n|turn|45\n|\n|t:|1761261210\n|switch|p2a: Binks|Chien-Pao|100/100\n|-damage|p2a: Binks|76/100|[from] Stealth Rock\n|-ability|p2a: Binks|Sword of Ruin\n|-activate|p1a: Ditto|move: Struggle\n|move|p1a: Ditto|Struggle|p2a: Binks\n|-damage|p2a: Binks|68/100\n|-damage|p1a: Ditto|44/100|[from] recoil\n|\n|upkeep\n|turn|46\n|\n|t:|1761261218\n|move|p2a: Binks|Crunch|p1a: Ditto\n|-supereffective|p1a: Ditto\n|-damage|p1a: Ditto|0 fnt\n|faint|p1a: Ditto\n|\n|win|GenericZap\n|c|☆GenericZap|gg\n","players":["SparksTheNeo","GenericZap"],"format":"[Gen 9] NatDex Draft","rating":null,"private":0,"password":null,"inputlog":">version f5040886e674df30a81d8aa6703a640b23e7a073\n>start {\"formatid\":\"gen9natdexdraft@@@Tera Type Preview\",\"seed\":\"sodium,d7db26775a79aa8f06f7586912871957\"}\n>player p1 {\"name\":\"SparksTheNeo\",\"avatar\":\"102\",\"team\":\"Mienshao-Hoenn||ChoiceScarf|Regenerator|Uturn,SurgingStrikes,CloseCombat,IceSpinner|Jolly|,252,,,4,252|F||||,,,,,Fighting]Heatran||Leftovers|FlameBody|MagmaStorm,Toxic,StealthRock,EarthPower|Calm|252,,,4,252,|M|,0,,,,|||,,,,,Fairy]Roserade-Hell||RoseraditeHELL|NaturalCure|WickedBlow,SwordsDance,LeafBlade,PlayRough|Jolly|48,252,,,,208|M||||,,,,,Dark]Ditto||ChoiceScarf|Imposter|Transform||252,,,,,|N|,30,,,,|||,,,,,Fighting]Toxapex||RockyHelmet|Regenerator|Scald,Haze,Toxic,Recover|Bold|248,,252,,8,|F|,0,,,,|||,,,,,Fairy]Tsareena||HeavyDutyBoots|QueenlyMajesty|Synthesis,Aromatherapy,RapidSpin,TropKick|Careful|252,4,,,252,|F||||,,,,,Grass\",\"rating\":0}\n>player p2 {\"name\":\"GenericZap\",\"avatar\":\"n-masters\",\"team\":\"Binks|ChienPao|ChoiceBand|SwordofRuin|IceSpinner,Crunch,IceShard,PsychicFangs|Jolly|40,252,,,,216|N||||,,,,,Dark]Mercphobia|MiloticHell|MiloticiteHELL|Multiscale|Scald,Recover,DragonPulse,FlipTurn|Bold|248,,220,,40,|M||||,,,,,Dragon]Nightmare|Comfey|BigRoot|Triage|DrainingKiss,CalmMind,StoredPower,HiddenPowerGround|Modest|248,,8,252,,|F|,0,,,,|S||,Ground,,,,Fairy]Hood classic|Orchestarrot|ThroatSpray|Soundproof|Boomburst,Psychic,Roost,Agility|Modest|248,,8,252,,|F|,0,,,,|||,,,,,Normal]Saint Azamina|Vileplume|Leftovers|EffectSpore|GigaDrain,SludgeBomb,Synthesis,LeechSeed|Calm|248,,8,,252,|M|,0,,,,|||,,,,,Normal]stupid fish|Alomomola|RockyHelmet|Regenerator|KnockOff,Wish,Protect,FlipTurn|Careful|,4,252,,252,|F||||,,,,,Water\",\"rating\":0}\n>p1 team 1, 2, 3, 4, 5, 6\n>p2 team 1, 2, 3, 4, 5, 6\n>p1 move uturn\n>p2 switch 6\n>p1 switch 5\n>p1 move toxic\n>p2 move knockoff\n>p1 move scald\n>p2 move flipturn\n>p2 switch 4\n>p1 switch 2\n>p2 move agility\n>p1 move magmastorm\n>p2 switch 4\n>p1 switch 5\n>p2 move flipturn\n>p2 switch 3\n>p1 switch 6\n>p2 move calmmind\n>p1 move tropkick\n>p2 move calmmind\n>p1 move tropkick\n>p2 move storedpower\n>p1 move tropkick\n>p2 move storedpower\n>p2 switch 4\n>p1 switch 5\n>p2 move boomburst terastallize\n>p1 move magmastorm\n>p2 move boomburst\n>p1 move stealthrock\n>p2 move boomburst\n>p1 switch 5\n>p2 move boomburst\n>p1 switch 4\n>p1 move boomburst\n>p2 move roost\n>chat ☆SparksTheNeo|oh bruh\n>p1 switch 5\n>p2 move roost\n>p1 move toxic\n>p2 move boomburst\n>chat ☆SparksTheNeo|cant believe i forgot that\n>chat ☆SparksTheNeo|i even made those stats\n>chat ☆GenericZap|thats what i was thinking lol\n>p1 switch 6\n>p1 move closecombat\n>p2 switch 3\n>p1 move closecombat\n>p2 switch 5\n>chat ☆SparksTheNeo|that effect spore being a ticking bomb\n>chat ☆SparksTheNeo|gulpa\n>p1 switch 5\n>p2 move synthesis\n>p1 move sludgebomb\n>p2 move sludgebomb\n>p1 switch 2\n>p2 move sludgebomb\n>p1 move scald\n>p2 move leechseed\n>p1 move scald\n>p2 switch 5\n>p1 switch 5\n>p2 move wish\n>p1 move icespinner\n>p2 switch 5\n>chat ☆SparksTheNeo|got the good one\n>p1 switch 5\n>p2 switch 5\n>p1 switch 3\n>p2 move wish\n>p1 move swordsdance\n>p2 move flipturn\n>p2 switch 6\n>p1 switch 5\n>p2 move icespinner\n>p1 switch 3\n>p2 switch 6\n>p1 switch 3\n>p2 move flipturn\n>p2 switch 5\n>p1 move uturn\n>p2 move leechseed\n>p1 switch 3\n>p1 move scald\n>p2 switch 3\n>p1 move haze\n>p2 move boomburst\n>p1 switch 3\n>p1 move closecombat\n>p2 switch 5\n>p1 move closecombat\n>p2 move flipturn\n>p1 switch 5\n>p2 switch 3\n>p1 move wickedblow mega\n>p2 move sludgebomb\n>chat ☆SparksTheNeo|monka\n>p1 move wickedblow\n>p2 move sludgebomb\n>chat  The_Shawdoin|hm\n>chat  The_Shawdoin|oof\n>chat ☆SparksTheNeo|that poison\n>p1 switch 2\n>p2 switch 5\n>chat  The_Shawdoin|get the copypaste ready\n>chat ☆SparksTheNeo|prob ruined it\n>chat ☆SparksTheNeo|damn\n>chat ☆SparksTheNeo|if it didnt poison i think i had a chance\n>p1 move psychic\n>p2 move roost\n>p1 move psychic\n>p2 move roost\n>p1 move psychic\n>p2 move roost\n>chat ☆SparksTheNeo|gg\n>p1 move psychic\n>p2 move roost\n>p1 move psychic\n>p2 move roost\n>p1 move struggle\n>p2 switch 6\n>p1 move struggle\n>p2 move crunch","uploadtime":1761261222}