{"id":"gen9natdexdraft-530","log":"|j|☆umbreonreallysucks\n|j|☆Life's Hell\n|t:|1764046789\n|gametype|singles\n|player|p1|umbreonreallysucks|169|\n|player|p2|Life's Hell|2|\n|gen|9\n|tier|[Gen 9] NatDex Draft\n|rule|Tera Type Preview: Tera Types are shown at Team Preview\n|rule|Sleep Clause Mod: Limit one foe put to sleep\n|rule|OHKO Clause: OHKO moves are banned\n|rule|Evasion Clause: Evasion abilities, items, and moves are banned\n|rule|Evasion Abilities Clause: Evasion abilities are banned\n|rule|Evasion Items Clause: Evasion items are banned\n|rule|Evasion Moves Clause: Evasion moves are banned\n|rule|Endless Battle Clause: Forcing endless battles is banned\n|rule|HP Percentage Mod: HP is shown in percentages\n|raw|<div class=\"infobox\"><details class=\"readmore\" open><summary><strong>1 custom rule:</strong></summary> Tera Type Preview</details></div>\n|clearpoke\n|poke|p1|Iron Crown|\n|poke|p1|Diamoneye, M|\n|poke|p1|Clashing Teeth, F|\n|poke|p1|Ho-Ho, F|\n|poke|p1|Probenose, M|\n|poke|p1|Reuniclus-Hell, F|\n|poke|p2|Slicing Segment, M|\n|poke|p2|Milotic-Hell, M|\n|poke|p2|Starmie|\n|poke|p2|Tinkaton, F|\n|poke|p2|Roserade-Hell, F|\n|poke|p2|Diamoneye, M|\n|raw|umbreonreallysucks's Tera Types:<br /><psicon pokemon=\"ironcrown\" /><psicon type=\"Ground\" /> / <psicon pokemon=\"diamoneye\" /><psicon type=\"Ghost\" /> / <psicon pokemon=\"clashingteeth\" /><psicon type=\"Ground\" /> / <psicon pokemon=\"hoho\" /><psicon type=\"Water\" /> / <psicon pokemon=\"probenose\" /><psicon type=\"Electric\" /> / <psicon pokemon=\"reuniclushell\" /><psicon type=\"Normal\" />\n|raw|Life's Hell's Tera Types:<br /><psicon pokemon=\"slicingsegment\" /><psicon type=\"Ghost\" /> / <psicon pokemon=\"milotichell\" /><psicon type=\"Dragon\" /> / <psicon pokemon=\"starmie\" /><psicon type=\"Water\" /> / <psicon pokemon=\"tinkaton\" /><psicon type=\"Fairy\" /> / <psicon pokemon=\"roseradehell\" /><psicon type=\"Dark\" /> / <psicon pokemon=\"diamoneye\" /><psicon type=\"Ghost\" />\n|teampreview\n|c|☆Life's Hell|glhf\n|c|☆umbreonreallysucks|glhf\n|c|☆umbreonreallysucks|I thought you didnt bring starmie. Tinks big hammer blocking it\n|\n|t:|1764046825\n|teamsize|p1|6\n|teamsize|p2|6\n|start\n|switch|p1a: Iron Crown|Iron Crown|100/100\n|switch|p2a: Slicing Segment|Slicing Segment, M, shiny|100/100\n|-enditem|p2a: Slicing Segment|Booster Energy\n|-activate|p2a: Slicing Segment|ability: Protosynthesis|[fromitem]\n|-start|p2a: Slicing Segment|protosynthesisspe\n|turn|1\n|\n|t:|1764046841\n|-terastallize|p2a: Slicing Segment|Ghost\n|move|p1a: Iron Crown|Volt Switch|p2a: Slicing Segment\n|-damage|p2a: Slicing Segment|80/100\n|\n|t:|1764046870\n|-end|p1a: Iron Crown|Quark Drive|[silent]\n|switch|p1a: Ho-Ho|Ho-Ho, F|100/100|[from] Volt Switch\n|move|p2a: Slicing Segment|Sticky Web|p1a: Ho-Ho\n|-sidestart|p1: umbreonreallysucks|move: Sticky Web\n|\n|upkeep\n|turn|2\n|\n|t:|1764046881\n|move|p2a: Slicing Segment|Swords Dance|p2a: Slicing Segment\n|-boost|p2a: Slicing Segment|atk|2\n|move|p1a: Ho-Ho|Sacred Fire|p2a: Slicing Segment\n|-damage|p2a: Slicing Segment|38/100\n|\n|upkeep\n|turn|3\n|\n|t:|1764046895\n|move|p2a: Slicing Segment|Gunk Shot|p1a: Ho-Ho|[miss]\n|-miss|p2a: Slicing Segment|p1a: Ho-Ho\n|move|p1a: Ho-Ho|Sacred Fire|p2a: Slicing Segment\n|-damage|p2a: Slicing Segment|0 fnt\n|faint|p2a: Slicing Segment\n|-end|p2a: Slicing Segment|Protosynthesis|[silent]\n|\n|upkeep\n|c|☆umbreonreallysucks|RIP\n|c|☆umbreonreallysucks|Sorry\n|c|☆Life's Hell|haha nah that what I get XD\n|\n|t:|1764046921\n|switch|p2a: Starmie|Starmie, shiny|100/100\n|turn|4\n|\n|t:|1764046927\n|switch|p1a: Probenose|Probenose, M|100/100\n|detailschange|p2a: Starmie|Starmie-Mega, shiny\n|-mega|p2a: Starmie|Starmie|Starmite\n|move|p2a: Starmie|Surf|p1a: Probenose\n|-damage|p1a: Probenose|73/100\n|\n|-heal|p1a: Probenose|79/100|[from] item: Leftovers\n|upkeep\n|turn|5\n|\n|t:|1764046937\n|move|p2a: Starmie|Flip Turn|p1a: Probenose\n|-damage|p1a: Probenose|66/100\n|\n|t:|1764046942\n|switch|p2a: Milotic-Hell|Milotic-Hell, M, shiny|100/100|[from] Flip Turn\n|move|p1a: Probenose|Volt Switch|p2a: Milotic-Hell\n|-resisted|p2a: Milotic-Hell\n|-damage|p2a: Milotic-Hell|95/100\n|\n|t:|1764046952\n|switch|p1a: Reuniclus-Hell|Reuniclus-Hell, F|100/100|[from] Volt Switch\n|-activate|p1a: Reuniclus-Hell|move: Sticky Web\n|-unboost|p1a: Reuniclus-Hell|spe|1\n|\n|-heal|p2a: Milotic-Hell|100/100|[from] item: Leftovers\n|upkeep\n|turn|6\n|\n|t:|1764046962\n|move|p2a: Milotic-Hell|Flip Turn|p1a: Reuniclus-Hell\n|-damage|p1a: Reuniclus-Hell|91/100\n|\n|t:|1764046965\n|switch|p2a: Roserade-Hell|Roserade-Hell, F, shiny|100/100|[from] Flip Turn\n|move|p1a: Reuniclus-Hell|Draining Kiss|p2a: Roserade-Hell\n|-supereffective|p2a: Roserade-Hell\n|-damage|p2a: Roserade-Hell|16/100\n|-heal|p1a: Reuniclus-Hell|100/100|[from] drain|[of] p2a: Roserade-Hell\n|\n|upkeep\n|turn|7\n|\n|t:|1764046979\n|switch|p1a: Ho-Ho|Ho-Ho, F|100/100\n|move|p2a: Roserade-Hell|Moonblast|p1a: Ho-Ho\n|-resisted|p1a: Ho-Ho\n|-damage|p1a: Ho-Ho|84/100\n|-unboost|p1a: Ho-Ho|spa|1\n|\n|upkeep\n|turn|8\n|\n|t:|1764046995\n|move|p2a: Roserade-Hell|Moonblast|p1a: Ho-Ho\n|-resisted|p1a: Ho-Ho\n|-damage|p1a: Ho-Ho|67/100\n|move|p1a: Ho-Ho|Dual Wingbeat|p2a: Roserade-Hell\n|-damage|p2a: Roserade-Hell|0 fnt\n|faint|p2a: Roserade-Hell\n|-hitcount|p2: Roserade-Hell|1\n|\n|upkeep\n|\n|t:|1764047004\n|switch|p2a: Starmie|Starmie-Mega, shiny|100/100\n|turn|9\n|\n|t:|1764047018\n|switch|p1a: Probenose|Probenose, M|66/100\n|move|p2a: Starmie|Surf|p1a: Probenose\n|-damage|p1a: Probenose|39/100\n|\n|-heal|p1a: Probenose|45/100|[from] item: Leftovers\n|upkeep\n|turn|10\n|\n|t:|1764047023\n|move|p2a: Starmie|Flip Turn|p1a: Probenose\n|-damage|p1a: Probenose|31/100\n|\n|t:|1764047026\n|switch|p2a: Milotic-Hell|Milotic-Hell, M, shiny|100/100|[from] Flip Turn\n|move|p1a: Probenose|Recover|p1a: Probenose\n|-heal|p1a: Probenose|81/100\n|\n|-heal|p1a: Probenose|87/100|[from] item: Leftovers\n|upkeep\n|turn|11\n|\n|t:|1764047033\n|move|p2a: Milotic-Hell|Scald|p1a: Probenose\n|-damage|p1a: Probenose|78/100\n|-status|p1a: Probenose|brn\n|move|p1a: Probenose|Volt Switch|p2a: Milotic-Hell\n|-resisted|p2a: Milotic-Hell\n|-crit|p2a: Milotic-Hell\n|-damage|p2a: Milotic-Hell|92/100\n|\n|t:|1764047044\n|switch|p1a: Reuniclus-Hell|Reuniclus-Hell, F|100/100|[from] Volt Switch\n|-activate|p1a: Reuniclus-Hell|move: Sticky Web\n|-unboost|p1a: Reuniclus-Hell|spe|1\n|\n|-heal|p2a: Milotic-Hell|98/100|[from] item: Leftovers\n|upkeep\n|turn|12\n|\n|t:|1764047060\n|move|p2a: Milotic-Hell|Flip Turn|p1a: Reuniclus-Hell\n|-damage|p1a: Reuniclus-Hell|92/100\n|\n|t:|1764047063\n|switch|p2a: Tinkaton|Tinkaton, F|100/100|[from] Flip Turn\n|-ability|p2a: Tinkaton|Mold Breaker\n|-item|p2a: Tinkaton|Air Balloon\n|move|p1a: Reuniclus-Hell|Hyper Voice|p2a: Tinkaton\n|-resisted|p2a: Tinkaton\n|-damage|p2a: Tinkaton|70/100\n|-enditem|p2a: Tinkaton|Air Balloon\n|\n|upkeep\n|turn|13\n|\n|t:|1764047074\n|switch|p1a: Ho-Ho|Ho-Ho, F|100/100\n|move|p2a: Tinkaton|Encore||[still]\n|-fail|p2a: Tinkaton\n|\n|upkeep\n|turn|14\n|\n|t:|1764047079\n|move|p2a: Tinkaton|Stealth Rock|p1a: Ho-Ho\n|-sidestart|p1: umbreonreallysucks|move: Stealth Rock\n|move|p1a: Ho-Ho|Sacred Fire|p2a: Tinkaton\n|-supereffective|p2a: Tinkaton\n|-damage|p2a: Tinkaton|0 fnt\n|faint|p2a: Tinkaton\n|\n|upkeep\n|\n|t:|1764047082\n|switch|p2a: Starmie|Starmie-Mega, shiny|100/100\n|turn|15\n|\n|t:|1764047086\n|switch|p1a: Probenose|Probenose, M|78/100 brn\n|-damage|p1a: Probenose|72/100 brn|[from] Stealth Rock\n|move|p2a: Starmie|Surf|p1a: Probenose\n|-damage|p1a: Probenose|43/100 brn\n|\n|-heal|p1a: Probenose|49/100 brn|[from] item: Leftovers\n|-damage|p1a: Probenose|43/100 brn|[from] brn\n|upkeep\n|turn|16\n|\n|t:|1764047093\n|move|p2a: Starmie|Surf|p1a: Probenose\n|-damage|p1a: Probenose|16/100 brn\n|move|p1a: Probenose|Recover|p1a: Probenose\n|-heal|p1a: Probenose|66/100 brn\n|\n|-heal|p1a: Probenose|72/100 brn|[from] item: Leftovers\n|-damage|p1a: Probenose|66/100 brn|[from] brn\n|upkeep\n|turn|17\n|\n|t:|1764047100\n|move|p2a: Starmie|Flip Turn|p1a: Probenose\n|-damage|p1a: Probenose|53/100 brn\n|\n|t:|1764047103\n|switch|p2a: Milotic-Hell|Milotic-Hell, M, shiny|98/100|[from] Flip Turn\n|move|p1a: Probenose|Recover|p1a: Probenose\n|-heal|p1a: Probenose|100/100 brn\n|\n|-heal|p2a: Milotic-Hell|100/100|[from] item: Leftovers\n|-damage|p1a: Probenose|94/100 brn|[from] brn\n|upkeep\n|turn|18\n|\n|t:|1764047116\n|move|p2a: Milotic-Hell|Scald|p1a: Probenose\n|-damage|p1a: Probenose|85/100 brn\n|move|p1a: Probenose|Volt Switch|p2a: Milotic-Hell\n|-resisted|p2a: Milotic-Hell\n|-damage|p2a: Milotic-Hell|95/100\n|\n|t:|1764047122\n|switch|p1a: Reuniclus-Hell|Reuniclus-Hell, F|92/100|[from] Volt Switch\n|-activate|p1a: Reuniclus-Hell|move: Sticky Web\n|-unboost|p1a: Reuniclus-Hell|spe|1\n|\n|-heal|p2a: Milotic-Hell|100/100|[from] item: Leftovers\n|upkeep\n|turn|19\n|\n|t:|1764047130\n|move|p2a: Milotic-Hell|Scald|p1a: Reuniclus-Hell\n|-damage|p1a: Reuniclus-Hell|79/100\n|-status|p1a: Reuniclus-Hell|brn\n|move|p1a: Reuniclus-Hell|Draining Kiss|p2a: Milotic-Hell\n|-supereffective|p2a: Milotic-Hell\n|-damage|p2a: Milotic-Hell|69/100\n|-heal|p1a: Reuniclus-Hell|100/100 brn|[from] drain|[of] p2a: Milotic-Hell\n|\n|-heal|p2a: Milotic-Hell|75/100|[from] item: Leftovers\n|upkeep\n|turn|20\n|\n|t:|1764047140\n|move|p2a: Milotic-Hell|Flip Turn|p1a: Reuniclus-Hell\n|-damage|p1a: Reuniclus-Hell|92/100 brn\n|\n|t:|1764047144\n|switch|p2a: Starmie|Starmie-Mega, shiny|100/100|[from] Flip Turn\n|move|p1a: Reuniclus-Hell|Calm Mind|p1a: Reuniclus-Hell\n|-boost|p1a: Reuniclus-Hell|spa|1\n|-boost|p1a: Reuniclus-Hell|spd|1\n|\n|upkeep\n|turn|21\n|\n|t:|1764047153\n|move|p2a: Starmie|Psyshock|p1a: Reuniclus-Hell\n|-damage|p1a: Reuniclus-Hell|44/100 brn\n|move|p1a: Reuniclus-Hell|Draining Kiss|p2a: Starmie\n|-damage|p2a: Starmie|42/100\n|-heal|p1a: Reuniclus-Hell|72/100 brn|[from] drain|[of] p2a: Starmie\n|\n|upkeep\n|turn|22\n|\n|t:|1764047159\n|move|p2a: Starmie|Psyshock|p1a: Reuniclus-Hell\n|-damage|p1a: Reuniclus-Hell|27/100 brn\n|move|p1a: Reuniclus-Hell|Draining Kiss|p2a: Starmie\n|-damage|p2a: Starmie|0 fnt\n|-heal|p1a: Reuniclus-Hell|46/100 brn|[from] drain|[of] p2a: Starmie\n|faint|p2a: Starmie\n|detailschange|p2: Starmie|Starmie, shiny|[silent]\n|\n|upkeep\n|\n|t:|1764047162\n|switch|p2a: Diamoneye|Diamoneye, M, shiny|100/100\n|turn|23\n|\n|t:|1764047168\n|move|p2a: Diamoneye|Destiny Bond|p2a: Diamoneye\n|-singlemove|p2a: Diamoneye|Destiny Bond\n|move|p1a: Reuniclus-Hell|Draining Kiss|p2a: Diamoneye\n|-supereffective|p2a: Diamoneye\n|-damage|p2a: Diamoneye|0 fnt\n|-heal|p1a: Reuniclus-Hell|98/100 brn|[from] drain|[of] p2a: Diamoneye\n|faint|p2a: Diamoneye\n|-activate|p2a: Diamoneye|move: Destiny Bond\n|faint|p1a: Reuniclus-Hell\n|\n|upkeep\n|c|☆Life's Hell|Milotic don't let me down XD\n|\n|t:|1764047201\n|switch|p2a: Milotic-Hell|Milotic-Hell, M, shiny|75/100\n|switch|p1a: Clashing Teeth|Clashing Teeth, F|100/100\n|turn|24\n|\n|t:|1764047208\n|move|p1a: Clashing Teeth|Dragon Claw|p2a: Milotic-Hell\n|-supereffective|p2a: Milotic-Hell\n|-damage|p2a: Milotic-Hell|0 fnt\n|faint|p2a: Milotic-Hell\n|\n|win|umbreonreallysucks\n|c|☆umbreonreallysucks|GGs\n|c|☆Life's Hell|gg\n","players":["umbreonreallysucks","Life's Hell"],"format":"[Gen 9] NatDex Draft","rating":null,"private":1,"password":"ewluc2lsvcrhs2fcvq08rolbyl8v7s3","inputlog":">version 8a9d31cff1d14ee6b7aa1086104a557c7920492c\n>start {\"formatid\":\"gen9natdexdraft@@@Tera Type Preview\",\"seed\":\"sodium,40dd0d8db8b4871ac62d9b0cbc1ebbee\"}\n>player p1 {\"name\":\"umbreonreallysucks\",\"avatar\":\"169\",\"team\":\"Iron Crown||ChoiceScarf|QuarkDrive|TachyonCutter,Psychic,TeraBlast,VoltSwitch|Timid|,,,252,,248|N||||,Fighting,,,,Ground]Diamoneye||Diamoneyite|Prankster|ShadowBall,DazzlingGleam,Recover,Encore|Timid|,,66,252,32,158|M|,0,,,,|||,,,,,Ghost]Clashing Teeth||HeavyDutyBoots|Protosynthesis|Earthquake,DragonClaw,SwordsDance,RapidSpin|Jolly|56,252,,,,200|F||||,,,,,Ground]Ho-Ho||HeavyDutyBoots|Regenerator|SacredFire,DualWingbeat,Earthquake,Defog|Impish|248,,252,,8,|F||||,,,,,Water]Probenose||Leftovers|Levitate|Discharge,HeavySlam,VoltSwitch,Recover|Sassy|252,4,,,252,|M||||,,,,,Electric]Reuniclus-Hell||LifeOrb|MagicGuard|DrainingKiss,HyperVoice,CalmMind,Recover|Quiet|248,,,60,200,|F|,0,,,,|||,,,,,Normal\",\"rating\":0}\n>player p2 {\"name\":\"Life's Hell\",\"avatar\":\"2\",\"team\":\"Slicing Segment||BoosterEnergy|Protosynthesis|StickyWeb,SwordsDance,TeraBlast,GunkShot|Jolly|,4,,,252,252|M||S||,,,,,Ghost]Milotic-Hell||Leftovers|Competitive|Recover,Scald,DragonTail,FlipTurn|Calm|248,,,8,252,|M||S||,,,,,Dragon]Starmie||Starmite|Analytic|Psyshock,IceBeam,Surf,FlipTurn|Timid|,,,252,4,252|N||S||,,,,,Water]Tinkaton||AirBalloon|MoldBreaker|Encore,StealthRock,PlayRough,GigatonHammer|Jolly|,4,252,,,252|F||||,,,,,Fairy]Roserade-Hell||ChoiceScarf|Technician|DrainingKiss,DarkPulse,Moonblast,HiddenPowerGhost|Timid|,,,252,4,252|F|,0,,,,|S||,Ghost,,,,Dark]Diamoneye||Leftovers|Prankster|WillOWisp,DestinyBond,KnockOff,ShadowClaw|Jolly|,252,,,4,252|M||S||,,,,,Ghost\",\"rating\":0}\n>chat ☆Life's Hell|glhf\n>chat ☆umbreonreallysucks|glhf\n>chat ☆umbreonreallysucks|I thought you didnt bring starmie. Tinks big hammer blocking it\n>p1 team 1, 2, 3, 4, 5, 6\n>p2 team 1, 2, 3, 4, 5, 6\n>p1 move voltswitch\n>p2 move stickyweb terastallize\n>p1 switch 4\n>p1 move sacredfire\n>p2 move swordsdance\n>p1 move sacredfire\n>p2 move gunkshot\n>chat ☆umbreonreallysucks|RIP\n>chat ☆umbreonreallysucks|Sorry\n>chat ☆Life's Hell|haha nah that what I get XD\n>p2 switch 3\n>p1 switch 5\n>p2 move surf mega\n>p1 move voltswitch\n>p2 move flipturn\n>p2 switch 2\n>p1 switch 6\n>p1 move drainingkiss\n>p2 move flipturn\n>p2 switch 5\n>p1 switch 5\n>p2 move moonblast\n>p1 move dualwingbeat\n>p2 move moonblast\n>p2 switch 2\n>p1 switch 6\n>p2 move surf\n>p1 move recover\n>p2 move flipturn\n>p2 switch 5\n>p1 move voltswitch\n>p2 move scald\n>p1 switch 5\n>p1 move hypervoice\n>p2 move flipturn\n>p2 switch 4\n>p1 switch 6\n>p2 move encore\n>p1 move sacredfire\n>p2 move stealthrock\n>p2 switch 5\n>p1 switch 5\n>p2 move surf\n>p1 move recover\n>p2 move surf\n>p1 move recover\n>p2 move flipturn\n>p2 switch 4\n>p1 move voltswitch\n>p2 move scald\n>p1 switch 6\n>p1 move drainingkiss\n>p2 move scald\n>p1 move calmmind\n>p2 move flipturn\n>p2 switch 4\n>p1 move drainingkiss\n>p2 move psyshock\n>p1 move drainingkiss\n>p2 move psyshock\n>p2 switch 6\n>p1 move drainingkiss\n>p2 move destinybond\n>chat ☆Life's Hell|Milotic don't let me down XD\n>p1 switch 3\n>p2 switch 4\n>p1 move dragonclaw\n>p2 move scald","uploadtime":1764047221}