{"id":"gen9natdexdraft-396","log":"|j|☆thebummerr04\n|j|☆umbreonreallysucks\n|t:|1763174761\n|gametype|singles\n|player|p1|thebummerr04|169|\n|player|p2|umbreonreallysucks|101|\n|gen|9\n|tier|[Gen 9] NatDex Draft\n|rule|Sleep Clause Mod: Limit one foe put to sleep\n|rule|OHKO Clause: OHKO moves are banned\n|rule|Evasion Clause: Evasion abilities, items, and moves are banned\n|rule|Evasion Abilities Clause: Evasion abilities are banned\n|rule|Evasion Items Clause: Evasion items are banned\n|rule|Evasion Moves Clause: Evasion moves are banned\n|rule|Endless Battle Clause: Forcing endless battles is banned\n|rule|HP Percentage Mod: HP is shown in percentages\n|clearpoke\n|poke|p1|Mienshao-Hoenn, M|\n|poke|p1|Chi-Yu|\n|poke|p1|Donphan, F|\n|poke|p1|Zeraora|\n|poke|p1|Iron Drill, M|\n|poke|p1|Flutter Lame, F|\n|poke|p2|Clashing Teeth, F|\n|poke|p2|Shaymin|\n|poke|p2|Diamoneye, M|\n|poke|p2|Iron Crown|\n|poke|p2|Aurorus, F|\n|poke|p2|Reuniclus-Hell, F|\n|teampreview\n|c|☆umbreonreallysucks|Oh wow no mega\n|c|☆umbreonreallysucks|glhf\n|\n|t:|1763174809\n|teamsize|p1|6\n|teamsize|p2|6\n|start\n|switch|p1a: Mienshao-Hoenn|Mienshao-Hoenn, M|100/100\n|switch|p2a: Aurorus|Aurorus, F|100/100\n|-weather|Snowscape|[from] ability: Snow Warning|[of] p2a: Aurorus\n|turn|1\n|c|☆thebummerr04|i thought it looked bad\n|c|☆thebummerr04|seemed like nose and ho ho lowk walled it\n|c|☆thebummerr04|is it tera preview btw?\n|c|☆umbreonreallysucks|yeah supposed to be\n|c|☆thebummerr04|ill tell u mine\n|c|☆umbreonreallysucks|Tera fire on Crown and Tera Dragon on Aurorus\n|c|☆thebummerr04|water on mien\n|c|☆thebummerr04|ghost on chi\n|\n|t:|1763174896\n|switch|p2a: Shaymin|Shaymin|100/100\n|move|p1a: Mienshao-Hoenn|Flip Turn|p2a: Shaymin\n|-resisted|p2a: Shaymin\n|-damage|p2a: Shaymin|91/100\n|-damage|p1a: Mienshao-Hoenn|84/100|[from] item: Rocky Helmet|[of] p2a: Shaymin\n|\n|t:|1763174939\n|switch|p1a: Chi-Yu|Chi-Yu|100/100|[from] Flip Turn\n|-ability|p1a: Chi-Yu|Beads of Ruin\n|\n|-weather|Snowscape|[upkeep]\n|upkeep\n|turn|2\n|\n|t:|1763174985\n|switch|p2a: Reuniclus-Hell|Reuniclus-Hell, F|100/100\n|move|p1a: Chi-Yu|Dark Pulse|p2a: Reuniclus-Hell\n|-resisted|p2a: Reuniclus-Hell\n|-damage|p2a: Reuniclus-Hell|88/100\n|\n|-weather|Snowscape|[upkeep]\n|upkeep\n|turn|3\n|\n|t:|1763175038\n|move|p1a: Chi-Yu|Fire Blast|p2a: Reuniclus-Hell\n|-damage|p2a: Reuniclus-Hell|51/100\n|-status|p2a: Reuniclus-Hell|brn\n|move|p2a: Reuniclus-Hell|Knock Off|p1a: Chi-Yu\n|-resisted|p1a: Chi-Yu\n|-damage|p1a: Chi-Yu|94/100\n|-enditem|p1a: Chi-Yu|Salac Berry|[from] move: Knock Off|[of] p2a: Reuniclus-Hell\n|\n|-weather|Snowscape|[upkeep]\n|-damage|p2a: Reuniclus-Hell|45/100 brn|[from] brn\n|upkeep\n|turn|4\n|c|☆thebummerr04|big burn tbh\n|c|☆thebummerr04|my salac berry!\n|c|☆umbreonreallysucks|fire bring\n|\n|t:|1763175151\n|move|p1a: Chi-Yu|Fire Blast|p2a: Reuniclus-Hell\n|-damage|p2a: Reuniclus-Hell|12/100 brn\n|move|p2a: Reuniclus-Hell|Moonblast|p1a: Chi-Yu\n|-damage|p1a: Chi-Yu|50/100\n|\n|-weather|Snowscape|[upkeep]\n|-damage|p2a: Reuniclus-Hell|6/100 brn|[from] brn\n|upkeep\n|turn|5\n|\n|t:|1763175190\n|switch|p2a: Aurorus|Aurorus, F|100/100\n|move|p1a: Chi-Yu|Dark Pulse|p2a: Aurorus\n|-damage|p2a: Aurorus|65/100\n|\n|-weather|none\n|upkeep\n|turn|6\n|\n|t:|1763175211\n|switch|p1a: Iron Drill|Iron Drill, M|100/100\n|-enditem|p1a: Iron Drill|Booster Energy\n|-activate|p1a: Iron Drill|ability: Quark Drive|[fromitem]\n|-start|p1a: Iron Drill|quarkdriveatk\n|move|p2a: Aurorus|Stealth Rock|p1a: Iron Drill\n|-sidestart|p1: thebummerr04|move: Stealth Rock\n|\n|upkeep\n|turn|7\n|\n|t:|1763175229\n|switch|p2a: Shaymin|Shaymin|91/100\n|move|p1a: Iron Drill|Rapid Spin|p2a: Shaymin\n|-damage|p2a: Shaymin|76/100\n|-boost|p1a: Iron Drill|spe|1\n|-damage|p1a: Iron Drill|84/100|[from] item: Rocky Helmet|[of] p2a: Shaymin\n|-sideend|p1: thebummerr04|Stealth Rock|[from] move: Rapid Spin|[of] p1a: Iron Drill\n|\n|upkeep\n|turn|8\n|\n|t:|1763175242\n|move|p1a: Iron Drill|Rock Slide|p2a: Shaymin\n|-damage|p2a: Shaymin|53/100\n|move|p2a: Shaymin|Hidden Power|p1a: Iron Drill\n|-supereffective|p1a: Iron Drill\n|-damage|p1a: Iron Drill|5/100\n|\n|upkeep\n|turn|9\n|c|☆thebummerr04|i keep on forgetting hp is legal\n|\n|t:|1763175257\n|move|p1a: Iron Drill|Close Combat|p2a: Shaymin\n|-damage|p2a: Shaymin|15/100\n|-unboost|p1a: Iron Drill|def|1\n|-unboost|p1a: Iron Drill|spd|1\n|-damage|p1a: Iron Drill|0 fnt|[from] item: Rocky Helmet|[of] p2a: Shaymin\n|faint|p1a: Iron Drill\n|-end|p1a: Iron Drill|Quark Drive|[silent]\n|move|p2a: Shaymin|Synthesis|p2a: Shaymin\n|-heal|p2a: Shaymin|65/100\n|\n|upkeep\n|\n|t:|1763175271\n|switch|p1a: Chi-Yu|Chi-Yu|50/100\n|-ability|p1a: Chi-Yu|Beads of Ruin\n|turn|10\n|\n|t:|1763175278\n|switch|p2a: Aurorus|Aurorus, F|65/100\n|-weather|Snowscape|[from] ability: Snow Warning|[of] p2a: Aurorus\n|move|p1a: Chi-Yu|Fire Blast|p2a: Aurorus|[miss]\n|-miss|p1a: Chi-Yu|p2a: Aurorus\n|\n|-weather|Snowscape|[upkeep]\n|upkeep\n|turn|11\n|c|☆umbreonreallysucks|unfort\n|c|☆thebummerr04|truly\n|\n|t:|1763175295\n|move|p1a: Chi-Yu|Dark Pulse|p2a: Aurorus\n|-damage|p2a: Aurorus|32/100\n|cant|p2a: Aurorus|flinch\n|\n|-weather|Snowscape|[upkeep]\n|upkeep\n|turn|12\n|c|☆umbreonreallysucks|nooooooo\n|\n|t:|1763175305\n|move|p1a: Chi-Yu|Dark Pulse|p2a: Aurorus\n|-damage|p2a: Aurorus|0 fnt\n|faint|p2a: Aurorus\n|\n|-weather|Snowscape|[upkeep]\n|upkeep\n|c|☆thebummerr04|lfg\n|\n|t:|1763175313\n|switch|p2a: Clashing Teeth|Clashing Teeth, F|100/100\n|-enditem|p2a: Clashing Teeth|Booster Energy\n|-activate|p2a: Clashing Teeth|ability: Protosynthesis|[fromitem]\n|-start|p2a: Clashing Teeth|protosynthesisspe\n|turn|13\n|\n|t:|1763175363\n|switch|p1a: Donphan|Donphan, F|100/100\n|move|p2a: Clashing Teeth|Swords Dance|p2a: Clashing Teeth\n|-boost|p2a: Clashing Teeth|atk|2\n|\n|-weather|Snowscape|[upkeep]\n|upkeep\n|turn|14\n|\n|t:|1763175372\n|move|p1a: Donphan|Ice Shard|p2a: Clashing Teeth\n|-supereffective|p2a: Clashing Teeth\n|-damage|p2a: Clashing Teeth|43/100\n|move|p2a: Clashing Teeth|Earthquake|p1a: Donphan\n|-damage|p1a: Donphan|28/100\n|\n|-weather|none\n|-heal|p1a: Donphan|34/100|[from] item: Leftovers\n|upkeep\n|turn|15\n|\n|t:|1763175390\n|-end|p2a: Clashing Teeth|Protosynthesis|[silent]\n|switch|p2a: Reuniclus-Hell|Reuniclus-Hell, F|39/100 brn\n|move|p1a: Donphan|Ice Shard|p2a: Reuniclus-Hell\n|-damage|p2a: Reuniclus-Hell|25/100 brn\n|\n|-heal|p1a: Donphan|40/100|[from] item: Leftovers\n|-damage|p2a: Reuniclus-Hell|19/100 brn|[from] brn\n|upkeep\n|turn|16\n|\n|t:|1763175407\n|switch|p2a: Diamoneye|Diamoneye, M|100/100\n|move|p1a: Donphan|Knock Off|p2a: Diamoneye\n|-damage|p2a: Diamoneye|69/100\n|\n|-heal|p1a: Donphan|46/100|[from] item: Leftovers\n|upkeep\n|turn|17\n|\n|t:|1763175422\n|detailschange|p2a: Diamoneye|Diamoneye-Mega, M\n|-mega|p2a: Diamoneye|Diamoneye|Diamoneyite\n|-ability|p2a: Diamoneye|Unnerve\n|move|p2a: Diamoneye|Shadow Ball|p1a: Donphan\n|-damage|p1a: Donphan|0 fnt\n|faint|p1a: Donphan\n|\n|upkeep\n|\n|t:|1763175439\n|switch|p1a: Mienshao-Hoenn|Mienshao-Hoenn, M|100/100\n|turn|18\n|\n|t:|1763175511\n|switch|p2a: Shaymin|Shaymin|65/100\n|move|p1a: Mienshao-Hoenn|Poison Jab|p2a: Shaymin\n|-supereffective|p2a: Shaymin\n|-damage|p2a: Shaymin|29/100\n|-status|p2a: Shaymin|psn\n|-damage|p1a: Mienshao-Hoenn|84/100|[from] item: Rocky Helmet|[of] p2a: Shaymin\n|\n|-damage|p2a: Shaymin|16/100 psn|[from] psn\n|upkeep\n|turn|19\n|c|☆umbreonreallysucks|these 20 percents bro lmao\n|c|☆thebummerr04|shrugs\n|\n|t:|1763175551\n|move|p1a: Mienshao-Hoenn|Poison Jab|p2a: Shaymin\n|-supereffective|p2a: Shaymin\n|-damage|p2a: Shaymin|0 fnt\n|-damage|p1a: Mienshao-Hoenn|68/100|[from] item: Rocky Helmet|[of] p2a: Shaymin\n|faint|p2a: Shaymin\n|\n|upkeep\n|\n|t:|1763175557\n|switch|p2a: Diamoneye|Diamoneye-Mega, M|69/100\n|-ability|p2a: Diamoneye|Unnerve\n|turn|20\n|\n|t:|1763175570\n|switch|p1a: Chi-Yu|Chi-Yu|50/100\n|-ability|p1a: Chi-Yu|Beads of Ruin\n|move|p2a: Diamoneye|Shadow Ball|p1a: Chi-Yu\n|-resisted|p1a: Chi-Yu\n|-damage|p1a: Chi-Yu|24/100\n|\n|upkeep\n|turn|21\n|\n|t:|1763175581\n|move|p2a: Diamoneye|Shadow Ball|p1a: Chi-Yu\n|-resisted|p1a: Chi-Yu\n|-damage|p1a: Chi-Yu|0 fnt\n|faint|p1a: Chi-Yu\n|\n|upkeep\n|\n|t:|1763175584\n|switch|p1a: Mienshao-Hoenn|Mienshao-Hoenn, M|100/100\n|turn|22\n|\n|t:|1763175589\n|-terastallize|p1a: Mienshao-Hoenn|Water\n|move|p1a: Mienshao-Hoenn|Surging Strikes|p2a: Diamoneye\n|-crit|p2a: Diamoneye\n|-damage|p2a: Diamoneye|33/100\n|-crit|p2a: Diamoneye\n|-damage|p2a: Diamoneye|3/100\n|-crit|p2a: Diamoneye\n|-damage|p2a: Diamoneye|0 fnt\n|faint|p2a: Diamoneye\n|detailschange|p2: Diamoneye|Diamoneye, M|[silent]\n|-hitcount|p2: Diamoneye|3\n|\n|upkeep\n|\n|t:|1763175618\n|switch|p2a: Reuniclus-Hell|Reuniclus-Hell, F|52/100 brn\n|turn|23\n|\n|t:|1763175624\n|switch|p2a: Clashing Teeth|Clashing Teeth, F|43/100\n|move|p1a: Mienshao-Hoenn|Surging Strikes|p2a: Clashing Teeth\n|-crit|p2a: Clashing Teeth\n|-damage|p2a: Clashing Teeth|17/100\n|-crit|p2a: Clashing Teeth\n|-damage|p2a: Clashing Teeth|0 fnt\n|faint|p2a: Clashing Teeth\n|-end|p2a: Clashing Teeth|Protosynthesis|[silent]\n|-hitcount|p2: Clashing Teeth|2\n|\n|upkeep\n|\n|t:|1763175637\n|switch|p2a: Reuniclus-Hell|Reuniclus-Hell, F|85/100 brn\n|turn|24\n|\n|t:|1763175672\n|switch|p1a: Zeraora|Zeraora|100/100\n|move|p2a: Reuniclus-Hell|Moonblast|p1a: Zeraora\n|-damage|p1a: Zeraora|49/100\n|\n|-damage|p2a: Reuniclus-Hell|79/100 brn|[from] brn\n|upkeep\n|turn|25\n|j|~SparksTheNeo\n|\n|t:|1763175686\n|move|p1a: Zeraora|Plasma Fists|p2a: Reuniclus-Hell\n|-damage|p2a: Reuniclus-Hell|20/100 brn\n|-fieldactivate|move: Ion Deluge\n|-hint|Normal-type moves become Electric-type after using Plasma Fists.\n|-damage|p1a: Zeraora|39/100|[from] item: Life Orb\n|move|p2a: Reuniclus-Hell|Moonblast|p1a: Zeraora\n|-damage|p1a: Zeraora|0 fnt\n|faint|p1a: Zeraora\n|\n|-damage|p2a: Reuniclus-Hell|14/100 brn|[from] brn\n|upkeep\n|\n|t:|1763175697\n|switch|p1a: Flutter Lame|Flutter Lame, F|100/100\n|-enditem|p1a: Flutter Lame|Booster Energy\n|-activate|p1a: Flutter Lame|ability: Protosynthesis|[fromitem]\n|-start|p1a: Flutter Lame|protosynthesisspe\n|turn|26\n|\n|t:|1763175708\n|move|p1a: Flutter Lame|Mystical Fire|p2a: Reuniclus-Hell\n|-damage|p2a: Reuniclus-Hell|4/100 brn\n|-unboost|p2a: Reuniclus-Hell|spa|1\n|move|p2a: Reuniclus-Hell|Moonblast|p1a: Flutter Lame\n|-damage|p1a: Flutter Lame|75/100\n|\n|-damage|p2a: Reuniclus-Hell|0 fnt|[from] brn\n|faint|p2a: Reuniclus-Hell\n|upkeep\n|\n|t:|1763175718\n|switch|p2a: Iron Crown|Iron Crown|100/100\n|-enditem|p2a: Iron Crown|Booster Energy\n|-activate|p2a: Iron Crown|ability: Quark Drive|[fromitem]\n|-start|p2a: Iron Crown|quarkdrivespe\n|turn|27\n|\n|t:|1763175735\n|move|p1a: Flutter Lame|Mystical Fire|p2a: Iron Crown\n|-supereffective|p2a: Iron Crown\n|-damage|p2a: Iron Crown|55/100\n|-unboost|p2a: Iron Crown|spa|1\n|move|p2a: Iron Crown|Tachyon Cutter|p1a: Flutter Lame\n|-supereffective|p1a: Flutter Lame\n|-damage|p1a: Flutter Lame|40/100\n|-supereffective|p1a: Flutter Lame\n|-damage|p1a: Flutter Lame|6/100\n|-hitcount|p1a: Flutter Lame|2\n|\n|upkeep\n|turn|28\n|c|☆umbreonreallysucks|bro\n|c|☆thebummerr04|suprised that didnt kill \n|c|☆thebummerr04|mystical is 100% tho tbf\n|c|☆umbreonreallysucks|I am too lol\n|c|☆umbreonreallysucks|gg\n|\n|t:|1763175777\n|move|p1a: Flutter Lame|Shadow Ball|p2a: Iron Crown\n|-supereffective|p2a: Iron Crown\n|-damage|p2a: Iron Crown|0 fnt\n|faint|p2a: Iron Crown\n|-end|p2a: Iron Crown|Quark Drive|[silent]\n|\n|win|thebummerr04\n|c|☆thebummerr04|gg\n","players":["thebummerr04","umbreonreallysucks"],"format":"[Gen 9] NatDex Draft","rating":null,"private":0,"password":null,"inputlog":">version 19226fd8189bb53d85415584f06aa21789a3c230\n>start {\"formatid\":\"gen9natdexdraft\",\"seed\":\"sodium,c4aec040234b6bc42b8369471ebc7f2d\"}\n>player p1 {\"name\":\"thebummerr04\",\"avatar\":\"169\",\"team\":\"Mienshao-Hoenn||ChoiceScarf|Regenerator|FlipTurn,SurgingStrikes,PoisonJab,CloseCombat|Jolly|56,252,,,,200|M||||,,,,,Water]Chi-Yu||SalacBerry|BeadsofRuin|NastyPlot,FireBlast,DarkPulse,TeraBlast|Timid|,,,252,4,252|N||||,,,,,Ghost]Donphan||Leftovers|Sturdy|StealthRock,KnockOff,Earthquake,IceShard|Adamant|252,252,,,4,|F||||,,,,,Ground]Zeraora||LifeOrb|VoltAbsorb|BulkUp,PlasmaFists,CloseCombat,PlayRough|Jolly|88,252,,,,168|N||||,,,,,Electric]Iron Drill||BoosterEnergy|QuarkDrive|RapidSpin,PlayRough,CloseCombat,RockSlide|Jolly|60,252,,,,192|M||||,,,,,Grass]Flutter Lame||BoosterEnergy|Protosynthesis|MysticalFire,Moonblast,ShadowBall,DarkPulse|Timid|,,,252,4,224|F|,0,,,,|||,,,,,Ghost\",\"rating\":0}\n>player p2 {\"name\":\"umbreonreallysucks\",\"avatar\":\"101\",\"team\":\"Clashing Teeth||BoosterEnergy|Protosynthesis|Earthquake,BrickBreak,DragonClaw,SwordsDance|Jolly|248,28,,,,232|F||||,,,,,Ground]Shaymin||RockyHelmet|NaturalCure|SeedFlare,EarthPower,HiddenPowerFire,Synthesis|Bold|252,,252,4,,|N|,0,,,,|||,Fire,,,,Grass]Diamoneye||Diamoneyite|Prankster|ShadowBall,DarkPulse,Recover,NastyPlot|Timid|,,66,252,54,136|M|,0,,,,|||,,,,,Ghost]Iron Crown||BoosterEnergy|QuarkDrive|TachyonCutter,Psychic,TeraBlast,CalmMind|Timid|84,,,172,,252|N|,20,,,,|||,Fighting,,,,Fire]Aurorus||LightClay|SnowWarning|Blizzard,Toxic,StealthRock,AuroraVeil|Sassy|252,,4,,252,|F|,0,,,,|||,,,,,Dragon]Reuniclus-Hell||AssaultVest|Regenerator|Moonblast,AlluringVoice,Thunder,KnockOff|Sassy|248,,,8,252,|F||||,,,,,Normal\",\"rating\":0}\n>chat ☆umbreonreallysucks|Oh wow no mega\n>chat ☆umbreonreallysucks|glhf\n>p1 team 1, 2, 3, 4, 5, 6\n>p2 team 5, 2, 3, 4, 1, 6\n>chat ☆thebummerr04|i thought it looked bad\n>chat ☆thebummerr04|seemed like nose and ho ho lowk walled it\n>chat ☆thebummerr04|is it tera preview btw?\n>chat ☆umbreonreallysucks|yeah supposed to be\n>chat ☆thebummerr04|ill tell u mine\n>chat ☆umbreonreallysucks|Tera fire on Crown and Tera Dragon on Aurorus\n>chat ☆thebummerr04|water on mien\n>chat ☆thebummerr04|ghost on chi\n>p1 move flipturn\n>p2 switch 2\n>p1 switch 2\n>p1 move darkpulse\n>p2 switch 6\n>p1 move fireblast\n>p2 move knockoff\n>chat ☆thebummerr04|big burn tbh\n>chat ☆thebummerr04|my salac berry!\n>chat ☆umbreonreallysucks|fire bring\n>p1 move fireblast\n>p2 move moonblast\n>p1 move darkpulse\n>p2 switch 2\n>p1 switch 5\n>p2 move stealthrock\n>p1 move rapidspin\n>p2 switch 6\n>p1 move rockslide\n>p2 move hiddenpower\n>chat ☆thebummerr04|i keep on forgetting hp is legal\n>p1 move closecombat\n>p2 move synthesis\n>p1 switch 5\n>p1 move fireblast\n>p2 switch 6\n>chat ☆umbreonreallysucks|unfort\n>chat ☆thebummerr04|truly\n>p1 move darkpulse\n>p2 move auroraveil\n>chat ☆umbreonreallysucks|nooooooo\n>p1 move darkpulse\n>p2 move auroraveil\n>chat ☆thebummerr04|lfg\n>p2 switch 5\n>p1 switch 3\n>p2 move swordsdance\n>p1 move iceshard\n>p2 move earthquake\n>p1 move iceshard\n>p2 switch 2\n>p1 move knockoff\n>p2 switch 3\n>p1 move earthquake\n>p2 move shadowball mega\n>p1 switch 2\n>p1 move poisonjab\n>p2 switch 6\n>chat ☆umbreonreallysucks|these 20 percents bro lmao\n>chat ☆thebummerr04|shrugs\n>p1 move poisonjab\n>p2 move seedflare\n>p2 switch 6\n>p1 switch 3\n>p2 move shadowball\n>p1 move fireblast\n>p2 move shadowball\n>p1 switch 3\n>p1 move surgingstrikes terastallize\n>p2 move shadowball\n>p2 switch 3\n>p1 move surgingstrikes\n>p2 switch 2\n>p2 switch 2\n>p1 switch 4\n>p2 move moonblast\n>p1 move plasmafists\n>p2 move moonblast\n>p1 switch 6\n>p1 move mysticalfire\n>p2 move moonblast\n>p2 switch 4\n>p1 move mysticalfire\n>p2 move tachyoncutter\n>chat ☆umbreonreallysucks|bro\n>chat ☆thebummerr04|suprised that didnt kill \n>chat ☆thebummerr04|mystical is 100% tho tbf\n>chat ☆umbreonreallysucks|I am too lol\n>chat ☆umbreonreallysucks|gg\n>p1 move shadowball\n>p2 move tachyoncutter","uploadtime":1763175999}