{"id":"gen9natdexdraft-110","log":"|j|☆itoshiflwr\n|j|☆Aroma Nobody\n|t:|1761091325\n|gametype|singles\n|player|p1|itoshiflwr|caitlin|\n|player|p2|Aroma Nobody|101|\n|gen|9\n|tier|[Gen 9] NatDex Draft\n|rule|Tera Type Preview: Tera Types are shown at Team Preview\n|rule|Sleep Clause Mod: Limit one foe put to sleep\n|rule|OHKO Clause: OHKO moves are banned\n|rule|Evasion Clause: Evasion abilities, items, and moves are banned\n|rule|Evasion Abilities Clause: Evasion abilities are banned\n|rule|Evasion Items Clause: Evasion items are banned\n|rule|Evasion Moves Clause: Evasion moves are banned\n|rule|Endless Battle Clause: Forcing endless battles is banned\n|rule|HP Percentage Mod: HP is shown in percentages\n|raw|<div class=\"infobox\"><details class=\"readmore\" open><summary><strong>1 custom rule:</strong></summary> Tera Type Preview</details></div>\n|clearpoke\n|poke|p1|Flygon, M|\n|poke|p1|Clodsire, M|\n|poke|p1|Skarmory-Paper-Bender, M|\n|poke|p1|Urshifu-*, M|\n|poke|p1|Serperior, F|\n|poke|p1|Ceruledge, F|\n|poke|p2|Zebstrika, M|\n|poke|p2|Savage Scythe, F|\n|poke|p2|Dashing Hammer, F|\n|poke|p2|Mewtwah, M|\n|poke|p2|Iron Pixel, F|\n|poke|p2|Mightyeeesh, M|\n|raw|itoshiflwr's Tera Types:<br /><psicon pokemon=\"flygon\" /><psicon type=\"Ground\" /> / <psicon pokemon=\"clodsire\" /><psicon type=\"Poison\" /> / <psicon pokemon=\"skarmorypaperbender\" /><psicon type=\"Fairy\" /> / <psicon pokemon=\"urshifu\" /><psicon type=\"Dark\" /> / <psicon pokemon=\"serperior\" /><psicon type=\"Ghost\" /> / <psicon pokemon=\"ceruledge\" /><psicon type=\"Fire\" />\n|raw|Aroma Nobody's Tera Types:<br /><psicon pokemon=\"zebstrika\" /><psicon type=\"Electric\" /> / <psicon pokemon=\"savagescythe\" /><psicon type=\"Bug\" /> / <psicon pokemon=\"dashinghammer\" /><psicon type=\"Rock\" /> / <psicon pokemon=\"mewtwah\" /><psicon type=\"Fairy\" /> / <psicon pokemon=\"ironpixel\" /><psicon type=\"Poison\" /> / <psicon pokemon=\"mightyeeesh\" /><psicon type=\"Dark\" />\n|teampreview\n|c|☆Aroma Nobody|glhf\n|c|☆itoshiflwr|u2\n|\n|t:|1761091390\n|teamsize|p1|6\n|teamsize|p2|6\n|start\n|switch|p1a: Flygon|Flygon, M|100/100\n|switch|p2a: Zebstrika|Zebstrika, M|100/100\n|turn|1\n|\n|t:|1761091400\n|switch|p2a: Savage Scythe|Savage Scythe, F|100/100\n|move|p1a: Flygon|U-turn|p2a: Savage Scythe\n|-damage|p2a: Savage Scythe|73/100\n|\n|t:|1761091453\n|switch|p1a: Urshifu|Urshifu, M|100/100|[from] U-turn\n|\n|upkeep\n|turn|2\n|j|~SparksTheNeo\n|\n|t:|1761091509\n|move|p2a: Savage Scythe|Close Combat|p1a: Urshifu\n|-supereffective|p1a: Urshifu\n|-damage|p1a: Urshifu|11/100\n|-unboost|p2a: Savage Scythe|def|1\n|-unboost|p2a: Savage Scythe|spd|1\n|move|p1a: Urshifu|U-turn|p2a: Savage Scythe\n|-crit|p2a: Savage Scythe\n|-damage|p2a: Savage Scythe|8/100\n|\n|t:|1761091517\n|switch|p1a: Skarmory-Paper-Ben|Skarmory-Paper-Bender, M|100/100|[from] U-turn\n|\n|upkeep\n|turn|3\n|\n|t:|1761091525\n|-end|p2a: Savage Scythe|Protosynthesis|[silent]\n|switch|p2a: Zebstrika|Zebstrika, M|100/100\n|move|p1a: Skarmory-Paper-Ben|Stealth Rock|p2a: Zebstrika\n|-sidestart|p2: Aroma Nobody|move: Stealth Rock\n|\n|upkeep\n|turn|4\n|\n|t:|1761091534\n|switch|p1a: Clodsire|Clodsire, M|100/100\n|detailschange|p2a: Zebstrika|Zebstrika-Mega, M\n|-mega|p2a: Zebstrika|Zebstrika|Zebstrikite\n|-fieldstart|move: Electric Terrain|[from] ability: Eerie Resonance|[of] p2a: Zebstrika\n|move|p2a: Zebstrika|High Horsepower|p1a: Clodsire\n|-supereffective|p1a: Clodsire\n|-damage|p1a: Clodsire|56/100\n|\n|-heal|p1a: Clodsire|62/100|[from] item: Leftovers\n|upkeep\n|turn|5\n|\n|t:|1761091551\n|switch|p2a: Iron Pixel|Iron Pixel, F|100/100\n|-damage|p2a: Iron Pixel|88/100|[from] Stealth Rock\n|-activate|p2a: Iron Pixel|ability: Quark Drive\n|-start|p2a: Iron Pixel|quarkdrivespe\n|move|p1a: Clodsire|Recover|p1a: Clodsire\n|-heal|p1a: Clodsire|100/100\n|\n|upkeep\n|turn|6\n|\n|t:|1761091558\n|move|p2a: Iron Pixel|Shadow Ball|p1a: Clodsire\n|-damage|p1a: Clodsire|69/100\n|move|p1a: Clodsire|Earthquake|p2a: Iron Pixel\n|-supereffective|p2a: Iron Pixel\n|-damage|p2a: Iron Pixel|0 fnt\n|faint|p2a: Iron Pixel\n|-end|p2a: Iron Pixel|Quark Drive|[silent]\n|\n|-heal|p1a: Clodsire|75/100|[from] item: Leftovers\n|upkeep\n|\n|t:|1761091565\n|switch|p2a: Mewtwah|Mewtwah, M|100/100\n|-ability|p2a: Mewtwah|Unnerve\n|-damage|p2a: Mewtwah|88/100|[from] Stealth Rock\n|turn|7\n|\n|t:|1761091572\n|switch|p1a: Skarmory-Paper-Ben|Skarmory-Paper-Bender, M|100/100\n|move|p2a: Mewtwah|Psystrike|p1a: Skarmory-Paper-Ben\n|-resisted|p1a: Skarmory-Paper-Ben\n|-damage|p1a: Skarmory-Paper-Ben|85/100\n|\n|-heal|p1a: Skarmory-Paper-Ben|91/100|[from] item: Leftovers\n|upkeep\n|turn|8\n|\n|t:|1761091581\n|switch|p2a: Savage Scythe|Savage Scythe, F|8/100\n|-damage|p2a: Savage Scythe|0 fnt|[from] Stealth Rock\n|faint|p2a: Savage Scythe\n|-end|p2a: Savage Scythe|Protosynthesis|[silent]\n|move|p1a: Skarmory-Paper-Ben|Whirlwind|p2: Savage Scythe|[notarget]\n|-fail|p1a: Skarmory-Paper-Ben\n|\n|-heal|p1a: Skarmory-Paper-Ben|97/100|[from] item: Leftovers\n|upkeep\n|\n|t:|1761091589\n|switch|p2a: Zebstrika|Zebstrika-Mega, M|100/100\n|-damage|p2a: Zebstrika|88/100|[from] Stealth Rock\n|turn|9\n|\n|t:|1761091595\n|switch|p1a: Clodsire|Clodsire, M|75/100\n|move|p2a: Zebstrika|Overheat|p1a: Clodsire\n|-damage|p1a: Clodsire|52/100\n|-unboost|p2a: Zebstrika|spa|2\n|\n|-heal|p1a: Clodsire|58/100|[from] item: Leftovers\n|upkeep\n|turn|10\n|\n|t:|1761091601\n|move|p2a: Zebstrika|High Horsepower|p1a: Clodsire\n|-supereffective|p1a: Clodsire\n|-damage|p1a: Clodsire|7/100\n|move|p1a: Clodsire|Toxic|p2a: Zebstrika\n|-status|p2a: Zebstrika|tox\n|\n|-heal|p1a: Clodsire|13/100|[from] item: Leftovers\n|-damage|p2a: Zebstrika|82/100 tox|[from] psn\n|upkeep\n|turn|11\n|\n|t:|1761091614\n|switch|p2a: Mightyeeesh|Mightyeeesh, M|100/100\n|-damage|p2a: Mightyeeesh|88/100|[from] Stealth Rock\n|move|p1a: Clodsire|Recover|p1a: Clodsire\n|-heal|p1a: Clodsire|63/100\n|\n|-heal|p1a: Clodsire|69/100|[from] item: Leftovers\n|upkeep\n|turn|12\n|\n|t:|1761091623\n|switch|p1a: Skarmory-Paper-Ben|Skarmory-Paper-Bender, M|97/100\n|move|p2a: Mightyeeesh|Psychic Fangs|p1a: Skarmory-Paper-Ben\n|-resisted|p1a: Skarmory-Paper-Ben\n|-damage|p1a: Skarmory-Paper-Ben|88/100\n|\n|-heal|p1a: Skarmory-Paper-Ben|94/100|[from] item: Leftovers\n|upkeep\n|turn|13\n|\n|t:|1761091632\n|move|p2a: Mightyeeesh|Fire Fang|p1a: Skarmory-Paper-Ben\n|-supereffective|p1a: Skarmory-Paper-Ben\n|-damage|p1a: Skarmory-Paper-Ben|62/100\n|move|p1a: Skarmory-Paper-Ben|Whirlwind|p2a: Mightyeeesh\n|drag|p2a: Mewtwah|Mewtwah, M|88/100\n|-ability|p2a: Mewtwah|Unnerve\n|-damage|p2a: Mewtwah|76/100|[from] Stealth Rock\n|\n|-heal|p1a: Skarmory-Paper-Ben|68/100|[from] item: Leftovers\n|-fieldend|move: Electric Terrain\n|upkeep\n|turn|14\n|\n|t:|1761091645\n|move|p2a: Mewtwah|Thunderbolt|p1a: Skarmory-Paper-Ben\n|-damage|p1a: Skarmory-Paper-Ben|24/100\n|move|p1a: Skarmory-Paper-Ben|Brave Bird|p2a: Mewtwah\n|-damage|p2a: Mewtwah|49/100\n|-damage|p1a: Skarmory-Paper-Ben|15/100|[from] Recoil\n|\n|-heal|p1a: Skarmory-Paper-Ben|21/100|[from] item: Leftovers\n|upkeep\n|turn|15\n|\n|t:|1761091665\n|switch|p1a: Flygon|Flygon, M|100/100\n|move|p2a: Mewtwah|Ice Beam|p1a: Flygon\n|-supereffective|p1a: Flygon\n|-damage|p1a: Flygon|0 fnt\n|faint|p1a: Flygon\n|\n|upkeep\n|\n|t:|1761091674\n|switch|p1a: Urshifu|Urshifu, M|11/100\n|turn|16\n|\n|t:|1761091680\n|-terastallize|p2a: Mewtwah|Fairy\n|move|p1a: Urshifu|U-turn|p2a: Mewtwah\n|-resisted|p2a: Mewtwah\n|-damage|p2a: Mewtwah|35/100\n|\n|t:|1761091688\n|switch|p1a: Skarmory-Paper-Ben|Skarmory-Paper-Bender, M|21/100|[from] U-turn\n|move|p2a: Mewtwah|Tera Blast|p1a: Skarmory-Paper-Ben|[anim] Tera Blast Fairy\n|-resisted|p1a: Skarmory-Paper-Ben\n|-damage|p1a: Skarmory-Paper-Ben|0 fnt\n|faint|p1a: Skarmory-Paper-Ben\n|\n|upkeep\n|\n|t:|1761091692\n|switch|p1a: Urshifu|Urshifu, M|11/100\n|turn|17\n|\n|t:|1761091701\n|move|p1a: Urshifu|Wicked Blow|p2a: Mewtwah\n|-resisted|p2a: Mewtwah\n|-crit|p2a: Mewtwah\n|-damage|p2a: Mewtwah|0 fnt\n|faint|p2a: Mewtwah\n|\n|upkeep\n|\n|t:|1761091733\n|switch|p2a: Mightyeeesh|Mightyeeesh, M|88/100\n|-damage|p2a: Mightyeeesh|76/100|[from] Stealth Rock\n|turn|18\n|\n|t:|1761091753\n|switch|p1a: Clodsire|Clodsire, M|69/100\n|move|p2a: Mightyeeesh|Psychic Fangs|p1a: Clodsire\n|-supereffective|p1a: Clodsire\n|-damage|p1a: Clodsire|16/100\n|\n|-heal|p1a: Clodsire|22/100|[from] item: Leftovers\n|upkeep\n|turn|19\n|\n|t:|1761091763\n|move|p2a: Mightyeeesh|Ice Fang|p1a: Clodsire\n|-supereffective|p1a: Clodsire\n|-damage|p1a: Clodsire|0 fnt\n|faint|p1a: Clodsire\n|-ability|p2a: Mightyeeesh|Moxie|boost\n|-boost|p2a: Mightyeeesh|atk|1\n|\n|upkeep\n|\n|t:|1761091767\n|switch|p1a: Serperior|Serperior, F|100/100\n|turn|20\n|\n|t:|1761091775\n|move|p2a: Mightyeeesh|Fire Fang|p1a: Serperior\n|-supereffective|p1a: Serperior\n|-damage|p1a: Serperior|6/100\n|-status|p1a: Serperior|brn\n|cant|p1a: Serperior|flinch\n|\n|-damage|p1a: Serperior|0 fnt|[from] brn\n|faint|p1a: Serperior\n|upkeep\n|\n|t:|1761091781\n|switch|p1a: Ceruledge|Ceruledge, F|100/100\n|turn|21\n|c|~SparksTheNeo|beeg flinch\n|\n|t:|1761091787\n|detailschange|p1a: Ceruledge|Ceruledge-Mega, F\n|-mega|p1a: Ceruledge|Ceruledge|Ceruledgite\n|move|p2a: Mightyeeesh|Psychic Fangs|p1a: Ceruledge\n|-supereffective|p1a: Ceruledge\n|-damage|p1a: Ceruledge|0 fnt\n|faint|p1a: Ceruledge\n|detailschange|p1: Ceruledge|Ceruledge, F|[silent]\n|-ability|p2a: Mightyeeesh|Moxie|boost\n|-boost|p2a: Mightyeeesh|atk|1\n|\n|upkeep\n|c|☆Aroma Nobody|yeah flinch helped\n|c|☆itoshiflwr|unfortunate doesnt even begin to describe yadda yadda\n|c|☆itoshiflwr|it was glare\n|-message|itoshiflwr forfeited.\n|\n|win|Aroma Nobody\n|c|☆Aroma Nobody|oof\n|c|☆Aroma Nobody|If it helps Dashing hammer helped clean\n|j| The_Shawdoin\n|c|☆Aroma Nobody|it was proto speed\n|c|☆itoshiflwr|i could literally go sucker punch tera dark\n|c|☆itoshiflwr|i doubt this was setup\n|c|☆Aroma Nobody|dashing? It had swords\n|c|☆itoshiflwr|it doesnt matter either way, its alright \n","players":["itoshiflwr","Aroma Nobody"],"format":"[Gen 9] NatDex Draft","rating":null,"private":0,"password":null,"inputlog":">version f5040886e674df30a81d8aa6703a640b23e7a073\n>start {\"formatid\":\"gen9natdexdraft@@@Tera Type Preview\",\"seed\":\"sodium,51cdfb99f819c450e78fbbf3451ff764\"}\n>player p1 {\"name\":\"itoshiflwr\",\"avatar\":\"caitlin\",\"team\":\"Flygon||ChoiceScarf|Levitate|Uturn,Earthquake,Crunch,StoneEdge|Adamant|,252,,,4,252|M||||,,,,,Ground]Clodsire||Leftovers|WaterAbsorb|Recover,Toxic,Earthquake,Yawn|Impish|252,,252,,4,|M||||,,,,,Poison]Skarmory-Paper-Ben|SkarmoryPaperBender|Leftovers|Sturdy|StealthRock,Roost,BraveBird,Whirlwind|Impish|252,,252,,4,|M||||,,,,,Fairy]Urshifu||ChoiceScarf|UnseenFist|Uturn,WickedBlow,CloseCombat,SuckerPunch|Jolly|,252,4,,,252|M||||,,,,,Dark]Serperior||HeavyDutyBoots|Contrary|LeafStorm,Glare,Substitute,TeraBlast|Timid|,,,252,4,252|F||||,,,,,Ghost]Ceruledge||Ceruledgite|FlashFire|CloseCombat,SwordsDance,BitterBlade,DestinyBond|Jolly|,252,4,,,252|F||||,,,,,Fire\",\"rating\":0}\n>player p2 {\"name\":\"Aroma Nobody\",\"avatar\":\"101\",\"team\":\"Zebstrika||Zebstrikite|SapSipper|VoltSwitch,HighHorsepower,WildCharge,Overheat||,252,,56,,200|M||||,,,,,Electric]Savage Scythe||ChoiceScarf|Protosynthesis|CloseCombat,Uturn,Crabhammer,IceSpinner|Jolly|28,252,,,4,224|F||||,,,,,Bug]Dashing Hammer||BoosterEnergy|Protosynthesis|SwordsDance,RockBlast,ShadowClaw,FireFang|Jolly|60,224,,,,224|F||||,,,,,Rock]Mewtwah||AssaultVest|Unnerve|IceBeam,Psystrike,Thunderbolt,TeraBlast|Timid|52,,4,252,,200|M||||,,,,,Fairy]Iron Pixel||ChoiceSpecs|QuarkDrive|ShadowBall,Discharge,VoltSwitch,DazzlingGleam|Timid|100,,,252,,152|F|,0,,,,|||,,,,,Poison]Mightyeeesh||ExpertBelt|Moxie|IceFang,FireFang,PsychicFangs,PlayRough|Jolly|12,252,,,4,240|M||||,,,,,Dark\",\"rating\":0}\n>chat ☆Aroma Nobody|glhf\n>chat ☆itoshiflwr|u2\n>p1 team 1, 2, 3, 4, 5, 6\n>p2 team 1, 2, 3, 4, 5, 6\n>p1 move uturn\n>p2 switch 2\n>p1 switch 4\n>p1 move uturn\n>p2 move closecombat\n>p1 switch 3\n>p1 move stealthrock\n>p2 switch 2\n>p1 switch 2\n>p2 move highhorsepower mega\n>p1 move recover\n>p2 switch 5\n>p1 move earthquake\n>p2 move shadowball\n>p2 switch 4\n>p1 switch 2\n>p2 move psystrike\n>p1 move whirlwind\n>p2 switch 2\n>p2 switch 5\n>p1 switch 2\n>p2 move overheat\n>p1 move toxic\n>p2 move highhorsepower\n>p1 move recover\n>p2 switch 6\n>p1 switch 2\n>p2 move psychicfangs\n>p1 move whirlwind\n>p2 move firefang\n>p1 move bravebird\n>p2 move thunderbolt\n>p1 switch 4\n>p2 move icebeam\n>p1 switch 3\n>p1 move uturn\n>p2 move terablast terastallize\n>p1 switch 4\n>p1 switch 4\n>p1 move wickedblow\n>p2 move terablast\n>p2 switch 2\n>p1 switch 2\n>p2 move psychicfangs\n>p1 move recover\n>p2 move icefang\n>p1 switch 5\n>p1 move glare\n>p2 move firefang\n>p1 switch 6\n>chat ~SparksTheNeo|beeg flinch\n>p1 move closecombat mega\n>p2 move psychicfangs\n>chat ☆Aroma Nobody|yeah flinch helped\n>chat ☆itoshiflwr|unfortunate doesnt even begin to describe yadda yadda\n>chat ☆itoshiflwr|it was glare\n>forcelose p1","uploadtime":1761092046}