{"id":"gen9natdexdraft-510","log":"|j|☆BlissfulSky\n|j|☆nimjaishot\n|t:|1763842696\n|gametype|singles\n|player|p1|BlissfulSky|265|\n|player|p2|nimjaishot|170|\n|gen|9\n|tier|[Gen 9] NatDex Draft\n|rule|Sleep Clause Mod: Limit one foe put to sleep\n|rule|OHKO Clause: OHKO moves are banned\n|rule|Evasion Clause: Evasion abilities, items, and moves are banned\n|rule|Evasion Abilities Clause: Evasion abilities are banned\n|rule|Evasion Items Clause: Evasion items are banned\n|rule|Evasion Moves Clause: Evasion moves are banned\n|rule|Endless Battle Clause: Forcing endless battles is banned\n|rule|HP Percentage Mod: HP is shown in percentages\n|clearpoke\n|poke|p1|Roserade-Hell, F|\n|poke|p1|Volcarona, F|\n|poke|p1|Empoleon, F|\n|poke|p1|Landorus-Therian, M|\n|poke|p1|Latias, F|\n|poke|p1|Cursolo, M|\n|poke|p2|Garganacl, M|\n|poke|p2|Scizor, M|\n|poke|p2|Queendra, F|\n|poke|p2|Morgrem, M|\n|poke|p2|Iron Hands|\n|poke|p2|Ditto|\n|teampreview\n|j| The_Shawdoin\n|c| The_Shawdoin|tera types?\n|j|~SparksTheNeo\n|c|☆BlissfulSky|Tera water on Cursolo, T-T\n|c|☆nimjaishot|drag garg\n|c|☆BlissfulSky|Dragon, danggg, :)\n|j| wizzz7\n|c|☆nimjaishot|gl hf\n|c|☆BlissfulSky|glhf!\n|c|☆nimjaishot|idk how people play on mobile bruh\n|\n|t:|1763842789\n|teamsize|p1|6\n|teamsize|p2|6\n|start\n|switch|p1a: Roserade-Hell|Roserade-Hell, F|100/100\n|switch|p2a: meat gloves|Iron Hands|100/100\n|turn|1\n|l|☆nimjaishot\n|player|p2|\n|j|☆nimjaishot\n|player|p2|nimjaishot|170|\n|\n|t:|1763842862\n|switch|p1a: Landorus|Landorus-Therian, M|100/100\n|-ability|p1a: Landorus|Intimidate|boost\n|-unboost|p2a: meat gloves|atk|1\n|move|p2a: meat gloves|Drain Punch|p1a: Landorus\n|-resisted|p1a: Landorus\n|-damage|p1a: Landorus|86/100\n|\n|upkeep\n|turn|2\n|\n|t:|1763842886\n|move|p1a: Landorus|Knock Off|p2a: meat gloves\n|-resisted|p2a: meat gloves\n|-damage|p2a: meat gloves|89/100\n|-enditem|p2a: meat gloves|Assault Vest|[from] move: Knock Off|[of] p1a: Landorus\n|move|p2a: meat gloves|Ice Punch|p1a: Landorus\n|-supereffective|p1a: Landorus\n|-damage|p1a: Landorus|20/100\n|\n|upkeep\n|turn|3\n|c|☆BlissfulSky|interesting\n|\n|t:|1763842929\n|move|p1a: Landorus|Earthquake|p2a: meat gloves\n|-supereffective|p2a: meat gloves\n|-damage|p2a: meat gloves|29/100\n|move|p2a: meat gloves|Drain Punch|p1a: Landorus\n|-resisted|p1a: Landorus\n|-damage|p1a: Landorus|6/100\n|-heal|p2a: meat gloves|34/100|[from] drain|[of] p1a: Landorus\n|\n|upkeep\n|turn|4\n|\n|t:|1763842967\n|move|p1a: Landorus|U-turn|p2a: meat gloves\n|-resisted|p2a: meat gloves\n|-damage|p2a: meat gloves|26/100\n|\n|t:|1763842978\n|switch|p1a: Cursolo|Cursolo, M|100/100|[from] U-turn\n|move|p2a: meat gloves|Ice Punch|p1a: Cursolo\n|-damage|p1a: Cursolo|88/100\n|-ability|p1a: Cursolo|Perish Body\n|\n|-start|p1a: Cursolo|perish3\n|-start|p2a: meat gloves|perish3\n|upkeep\n|turn|5\n|\n|t:|1763843018\n|-end|p2a: meat gloves|Quark Drive|[silent]\n|switch|p2a: long ahh nose|Morgrem, M|100/100\n|move|p1a: Cursolo|Shadow Ball|p2a: long ahh nose\n|-resisted|p2a: long ahh nose\n|-damage|p2a: long ahh nose|87/100\n|\n|-start|p1a: Cursolo|perish2\n|upkeep\n|turn|6\n|\n|t:|1763843047\n|switch|p1a: Roserade-Hell|Roserade-Hell, F|100/100\n|move|p2a: long ahh nose|Reflect|p2a: long ahh nose\n|-sidestart|p2: nimjaishot|Reflect\n|\n|upkeep\n|turn|7\n|\n|t:|1763843073\n|switch|p2a: meat gloves|Iron Hands|26/100\n|detailschange|p1a: Roserade-Hell|Roserade-Hell-Mega, F\n|-mega|p1a: Roserade-Hell|Roserade-Hell|Roseradite HELL\n|move|p1a: Roserade-Hell|Play Rough|p2a: meat gloves\n|-supereffective|p2a: meat gloves\n|-damage|p2a: meat gloves|0 fnt\n|faint|p2a: meat gloves\n|-end|p2a: meat gloves|Quark Drive|[silent]\n|-ability|p1a: Roserade-Hell|Moxie|boost\n|-boost|p1a: Roserade-Hell|atk|1\n|\n|upkeep\n|\n|t:|1763843081\n|switch|p2a: SunnyDayMorningSun|Scizor, M|100/100\n|turn|8\n|\n|t:|1763843096\n|switch|p1a: Landorus|Landorus-Therian, M|6/100\n|-ability|p1a: Landorus|Intimidate|boost\n|-unboost|p2a: SunnyDayMorningSun|atk|1\n|move|p2a: SunnyDayMorningSun|Bullet Punch|p1a: Landorus\n|-damage|p1a: Landorus|0 fnt\n|faint|p1a: Landorus\n|\n|upkeep\n|\n|t:|1763843131\n|switch|p1a: Volcarona|Volcarona, F|100/100\n|turn|9\n|\n|t:|1763843142\n|switch|p2a: Joker Persona|Ditto|100/100\n|-transform|p2a: Joker Persona|p1a: Volcarona|[from] ability: Imposter\n|move|p1a: Volcarona|Fiery Dance|p2a: Joker Persona\n|-damage|p2a: Joker Persona|46/100\n|\n|upkeep\n|turn|10\n|c|☆BlissfulSky|hmmmmmmmmmm\n|\n|t:|1763843188\n|move|p2a: Joker Persona|Morning Sun|p2a: Joker Persona\n|-heal|p2a: Joker Persona|96/100\n|move|p1a: Volcarona|Quiver Dance|p1a: Volcarona\n|-boost|p1a: Volcarona|spa|1\n|-boost|p1a: Volcarona|spd|1\n|-boost|p1a: Volcarona|spe|1\n|-enditem|p2a: Joker Persona|Mirror Herb\n|-boost|p2a: Joker Persona|spa|1|[from] item: Mirror Herb\n|-boost|p2a: Joker Persona|spd|1|[from] item: Mirror Herb\n|-boost|p2a: Joker Persona|spe|1|[from] item: Mirror Herb\n|\n|-sideend|p2: nimjaishot|Reflect\n|upkeep\n|turn|11\n|c|☆BlissfulSky|aaahhhh\n|c|~SparksTheNeo|MY GOAT\n|c| The_Shawdoin|HE LISTENED\n|c|~SparksTheNeo|ur welcome for the set\n|c| The_Shawdoin|sparks I was the person who said mirror herb first T-T\n|c|☆nimjaishot|i thought it was funny\n|c|~SparksTheNeo|im just taking the credit, i never came up with it\n|\n|t:|1763843234\n|move|p2a: Joker Persona|Quiver Dance|p2a: Joker Persona\n|-boost|p2a: Joker Persona|spa|1\n|-boost|p2a: Joker Persona|spd|1\n|-boost|p2a: Joker Persona|spe|1\n|move|p1a: Volcarona|Quiver Dance|p1a: Volcarona\n|-boost|p1a: Volcarona|spa|1\n|-boost|p1a: Volcarona|spd|1\n|-boost|p1a: Volcarona|spe|1\n|\n|upkeep\n|turn|12\n|c|☆nimjaishot|i’m all for the people\n|c|☆BlissfulSky|hmmmmm\n|c|~SparksTheNeo|whoever crit first wins\n|\n|t:|1763843267\n|move|p1a: Volcarona|Fiery Dance|p2a: Joker Persona\n|-damage|p2a: Joker Persona|46/100\n|move|p2a: Joker Persona|Fiery Dance|p1a: Volcarona\n|-damage|p1a: Volcarona|58/100\n|\n|upkeep\n|turn|13\n|c|☆BlissfulSky|rip\n|c|☆BlissfulSky|Same idea, XD\n|c|☆BlissfulSky|50% boost, right?\n|c|~SparksTheNeo|yur\n|\n|t:|1763843305\n|move|p1a: Volcarona|Quiver Dance|p1a: Volcarona\n|-boost|p1a: Volcarona|spa|1\n|-boost|p1a: Volcarona|spd|1\n|-boost|p1a: Volcarona|spe|1\n|move|p2a: Joker Persona|Morning Sun|p2a: Joker Persona\n|-heal|p2a: Joker Persona|96/100\n|\n|upkeep\n|turn|14\n|\n|t:|1763843311\n|switch|p2a: long ahh nose|Morgrem, M|87/100\n|move|p1a: Volcarona|Morning Sun|p1a: Volcarona\n|-heal|p1a: Volcarona|100/100\n|\n|upkeep\n|turn|15\n|\n|t:|1763843330\n|switch|p1a: Roserade-Hell|Roserade-Hell-Mega, F|100/100\n|move|p2a: long ahh nose|Thunder Wave|p1a: Roserade-Hell\n|-hint|Since gen 7, Dark is immune to Prankster moves.\n|-immune|p1a: Roserade-Hell\n|\n|upkeep\n|turn|16\n|c|☆BlissfulSky|haha! :D\n|c|~SparksTheNeo|both of yall are cowards\n|c|☆BlissfulSky|Hey- I swapped because he did,\n|c|☆BlissfulSky|I was in, xD\n|\n|t:|1763843363\n|move|p2a: long ahh nose|Reflect|p2a: long ahh nose\n|-sidestart|p2: nimjaishot|Reflect\n|move|p1a: Roserade-Hell|Wicked Blow|p2a: long ahh nose\n|-resisted|p2a: long ahh nose\n|-crit|p2a: long ahh nose\n|-damage|p2a: long ahh nose|66/100\n|\n|upkeep\n|turn|17\n|\n|t:|1763843399\n|move|p2a: long ahh nose|Light Screen|p2a: long ahh nose\n|-sidestart|p2: nimjaishot|move: Light Screen\n|move|p1a: Roserade-Hell|Play Rough|p2a: long ahh nose\n|-supereffective|p2a: long ahh nose\n|-damage|p2a: long ahh nose|3/100\n|\n|upkeep\n|turn|18\n|\n|t:|1763843419\n|switch|p1a: Empoleon|Empoleon, F|100/100\n|move|p2a: long ahh nose|Thunder Wave|p1a: Empoleon\n|-status|p1a: Empoleon|par\n|\n|upkeep\n|turn|19\n|\n|t:|1763843429\n|move|p2a: long ahh nose|Parting Shot|p1a: Empoleon\n|-unboost|p1a: Empoleon|atk|1\n|-ability|p1a: Empoleon|Competitive|boost\n|-boost|p1a: Empoleon|spa|2\n|-unboost|p1a: Empoleon|spa|1\n|-ability|p1a: Empoleon|Competitive|boost\n|-boost|p1a: Empoleon|spa|2\n|\n|t:|1763843432\n|switch|p2a: gargle deez nuts|Garganacl, M|100/100|[from] Parting Shot\n|cant|p1a: Empoleon|par\n|\n|upkeep\n|turn|20\n|c|☆BlissfulSky|T-T\n|c|☆nimjaishot|wait \n|c|☆nimjaishot|i’m dumb and ugly\n|c|☆BlissfulSky|Pfff-\n|c|☆BlissfulSky|Nooo you just forgot,\n|c|☆BlissfulSky|There there,\n|\n|t:|1763843471\n|move|p2a: gargle deez nuts|Protect|p2a: gargle deez nuts\n|-singleturn|p2a: gargle deez nuts|Protect\n|move|p1a: Empoleon|Stealth Rock|p2a: gargle deez nuts\n|-sidestart|p2: nimjaishot|move: Stealth Rock\n|\n|-sideend|p2: nimjaishot|Reflect\n|upkeep\n|turn|21\n|\n|t:|1763843487\n|-terastallize|p2a: gargle deez nuts|Dragon\n|move|p2a: gargle deez nuts|Salt Cure|p1a: Empoleon\n|-resisted|p1a: Empoleon\n|-damage|p1a: Empoleon|94/100 par\n|move|p1a: Empoleon|Scald|p2a: gargle deez nuts\n|-resisted|p2a: gargle deez nuts\n|-damage|p2a: gargle deez nuts|85/100\n|\n|-heal|p2a: gargle deez nuts|91/100|[from] item: Leftovers\n|-sideend|p2: nimjaishot|move: Light Screen\n|upkeep\n|turn|22\n|c|☆BlissfulSky|Protect, salt cure, recover... hmmmm,\n|\n|t:|1763843559\n|move|p2a: gargle deez nuts|Earthquake|p1a: Empoleon\n|-supereffective|p1a: Empoleon\n|-damage|p1a: Empoleon|48/100 par\n|move|p1a: Empoleon|Scald|p2a: gargle deez nuts\n|-resisted|p2a: gargle deez nuts\n|-damage|p2a: gargle deez nuts|56/100\n|\n|-heal|p2a: gargle deez nuts|62/100|[from] item: Leftovers\n|upkeep\n|turn|23\n|c|☆BlissfulSky|eq\n|\n|t:|1763843592\n|switch|p1a: Cursolo|Cursolo, M|88/100\n|move|p2a: gargle deez nuts|Recover|p2a: gargle deez nuts\n|-heal|p2a: gargle deez nuts|100/100\n|\n|upkeep\n|turn|24\n|\n|t:|1763843613\n|move|p1a: Cursolo|Shadow Ball|p2a: gargle deez nuts\n|-damage|p2a: gargle deez nuts|83/100\n|move|p2a: gargle deez nuts|Salt Cure|p1a: Cursolo\n|-damage|p1a: Cursolo|76/100\n|\n|-heal|p2a: gargle deez nuts|89/100|[from] item: Leftovers\n|upkeep\n|turn|25\n|c|☆BlissfulSky|oh my gosh\n|c|☆BlissfulSky|Right- resisted,\n|c|☆nimjaishot|another cloak\n|c|☆BlissfulSky|but dang\n|c|☆BlissfulSky|Oh yeah, XD\n|c|☆BlissfulSky|There's umm... a couple, :^\n|\n|t:|1763843667\n|move|p1a: Cursolo|Calm Mind|p1a: Cursolo\n|-boost|p1a: Cursolo|spa|1\n|-boost|p1a: Cursolo|spd|1\n|move|p2a: gargle deez nuts|Earthquake|p1a: Cursolo\n|-damage|p1a: Cursolo|57/100\n|\n|-heal|p2a: gargle deez nuts|95/100|[from] item: Leftovers\n|upkeep\n|turn|26\n|\n|t:|1763843687\n|switch|p2a: long ahh nose|Morgrem, M|3/100\n|-damage|p2a: long ahh nose|0 fnt|[from] Stealth Rock\n|faint|p2a: long ahh nose\n|move|p1a: Cursolo|Strength Sap|p2: long ahh nose|[notarget]\n|-fail|p1a: Cursolo\n|\n|upkeep\n|c|☆BlissfulSky|awww\n|\n|t:|1763843708\n|switch|p2a: longer ahhh nose|Queendra, F|100/100\n|-damage|p2a: longer ahhh nose|76/100|[from] Stealth Rock\n|turn|27\n|\n|t:|1763843769\n|detailschange|p2a: longer ahhh nose|Queendra-Mega, F\n|-mega|p2a: longer ahhh nose|Queendra|Queendrite\n|move|p2a: longer ahhh nose|Shadow Ball|p1a: Cursolo\n|-supereffective|p1a: Cursolo\n|-damage|p1a: Cursolo|32/100\n|move|p1a: Cursolo|Strength Sap|p2a: longer ahhh nose\n|-unboost|p2a: longer ahhh nose|atk|1\n|-heal|p1a: Cursolo|95/100\n|\n|upkeep\n|turn|28\n|\n|t:|1763843780\n|move|p2a: longer ahhh nose|Nasty Plot|p2a: longer ahhh nose\n|-boost|p2a: longer ahhh nose|spa|2\n|move|p1a: Cursolo|Calm Mind|p1a: Cursolo\n|-boost|p1a: Cursolo|spa|1\n|-boost|p1a: Cursolo|spd|1\n|\n|upkeep\n|turn|29\n|\n|t:|1763843789\n|move|p2a: longer ahhh nose|Nasty Plot|p2a: longer ahhh nose\n|-boost|p2a: longer ahhh nose|spa|2\n|move|p1a: Cursolo|Shadow Ball|p2a: longer ahhh nose\n|-damage|p2a: longer ahhh nose|0 fnt\n|faint|p2a: longer ahhh nose\n|detailschange|p2: longer ahhh nose|Queendra, F|[silent]\n|\n|upkeep\n|\n|t:|1763843802\n|switch|p2a: Joker Persona|Ditto|96/100\n|-damage|p2a: Joker Persona|83/100|[from] Stealth Rock\n|-transform|p2a: Joker Persona|p1a: Cursolo|[from] ability: Imposter\n|turn|30\n|\n|t:|1763843825\n|move|p1a: Cursolo|Shadow Ball|p2a: Joker Persona\n|-supereffective|p2a: Joker Persona\n|-damage|p2a: Joker Persona|17/100\n|move|p2a: Joker Persona|Shadow Ball|p1a: Cursolo\n|-supereffective|p1a: Cursolo\n|-damage|p1a: Cursolo|38/100\n|\n|upkeep\n|turn|31\n|\n|t:|1763843838\n|move|p2a: Joker Persona|Shadow Ball|p1a: Cursolo\n|-supereffective|p1a: Cursolo\n|-damage|p1a: Cursolo|0 fnt\n|faint|p1a: Cursolo\n|\n|upkeep\n|\n|t:|1763843841\n|switch|p1a: Roserade-Hell|Roserade-Hell-Mega, F|100/100\n|turn|32\n|\n|t:|1763843849\n|move|p1a: Roserade-Hell|Wicked Blow|p2a: Joker Persona\n|-supereffective|p2a: Joker Persona\n|-crit|p2a: Joker Persona\n|-damage|p2a: Joker Persona|0 fnt\n|-ability|p2a: Joker Persona|Perish Body\n|faint|p2a: Joker Persona\n|-ability|p1a: Roserade-Hell|Moxie|boost\n|-boost|p1a: Roserade-Hell|atk|1\n|\n|-start|p1a: Roserade-Hell|perish3\n|upkeep\n|\n|t:|1763843853\n|switch|p2a: SunnyDayMorningSun|Scizor, M|100/100\n|-damage|p2a: SunnyDayMorningSun|88/100|[from] Stealth Rock\n|turn|33\n|\n|t:|1763843874\n|switch|p1a: Empoleon|Empoleon, F|48/100 par\n|move|p2a: SunnyDayMorningSun|Knock Off|p1a: Empoleon\n|-damage|p1a: Empoleon|0 fnt\n|-enditem|p1a: Empoleon|Covert Cloak|[from] move: Knock Off|[of] p2a: SunnyDayMorningSun\n|faint|p1a: Empoleon\n|\n|upkeep\n|\n|t:|1763843878\n|switch|p1a: Volcarona|Volcarona, F|100/100\n|turn|34\n|\n|t:|1763843917\n|switch|p2a: gargle deez nuts|Garganacl, M, tera:Dragon|95/100\n|-damage|p2a: gargle deez nuts|83/100|[from] Stealth Rock\n|move|p1a: Volcarona|Fiery Dance|p2a: gargle deez nuts\n|-resisted|p2a: gargle deez nuts\n|-damage|p2a: gargle deez nuts|62/100\n|\n|-heal|p2a: gargle deez nuts|68/100|[from] item: Leftovers\n|upkeep\n|turn|35\n|\n|t:|1763843934\n|switch|p1a: Latias|Latias, F|100/100\n|move|p2a: gargle deez nuts|Recover|p2a: gargle deez nuts\n|-heal|p2a: gargle deez nuts|100/100\n|\n|upkeep\n|turn|36\n|\n|t:|1763843949\n|move|p1a: Latias|Mist Ball|p2a: gargle deez nuts\n|-damage|p2a: gargle deez nuts|65/100\n|-unboost|p2a: gargle deez nuts|spa|1\n|move|p2a: gargle deez nuts|Salt Cure|p1a: Latias\n|-damage|p1a: Latias|86/100\n|-start|p1a: Latias|Salt Cure\n|\n|-heal|p1a: Latias|93/100|[from] item: Leftovers\n|-heal|p2a: gargle deez nuts|71/100|[from] item: Leftovers\n|-damage|p1a: Latias|80/100|[from] Salt Cure\n|upkeep\n|turn|37\n|\n|t:|1763843960\n|move|p2a: gargle deez nuts|Protect|p2a: gargle deez nuts\n|-singleturn|p2a: gargle deez nuts|Protect\n|move|p1a: Latias|Wish|p1a: Latias\n|\n|-heal|p1a: Latias|86/100|[from] item: Leftovers\n|-heal|p2a: gargle deez nuts|77/100|[from] item: Leftovers\n|-damage|p1a: Latias|74/100|[from] Salt Cure\n|upkeep\n|turn|38\n|\n|t:|1763843967\n|switch|p2a: SunnyDayMorningSun|Scizor, M|88/100\n|-damage|p2a: SunnyDayMorningSun|76/100|[from] Stealth Rock\n|move|p1a: Latias|Mist Ball|p2a: SunnyDayMorningSun\n|-resisted|p2a: SunnyDayMorningSun\n|-damage|p2a: SunnyDayMorningSun|54/100\n|\n|-heal|p1a: Latias|100/100|[from] move: Wish|[wisher] Latias\n|-damage|p1a: Latias|88/100|[from] Salt Cure\n|upkeep\n|turn|39\n|\n|t:|1763843985\n|move|p1a: Latias|Mist Ball|p2a: SunnyDayMorningSun\n|-resisted|p2a: SunnyDayMorningSun\n|-damage|p2a: SunnyDayMorningSun|34/100\n|-unboost|p2a: SunnyDayMorningSun|spa|1\n|move|p2a: SunnyDayMorningSun|U-turn|p1a: Latias\n|-supereffective|p1a: Latias\n|-damage|p1a: Latias|0 fnt\n|faint|p1a: Latias\n|\n|t:|1763843993\n|switch|p2a: gargle deez nuts|Garganacl, M, tera:Dragon|77/100|[from] U-turn\n|-damage|p2a: gargle deez nuts|65/100|[from] Stealth Rock\n|\n|-heal|p2a: gargle deez nuts|71/100|[from] item: Leftovers\n|upkeep\n|\n|t:|1763843997\n|switch|p1a: Roserade-Hell|Roserade-Hell-Mega, F|100/100\n|turn|40\n|\n|t:|1763844003\n|move|p2a: gargle deez nuts|Protect|p2a: gargle deez nuts\n|-singleturn|p2a: gargle deez nuts|Protect\n|move|p1a: Roserade-Hell|Play Rough|p2a: gargle deez nuts\n|-activate|p2a: gargle deez nuts|move: Protect\n|\n|-heal|p2a: gargle deez nuts|77/100|[from] item: Leftovers\n|upkeep\n|turn|41\n|\n|t:|1763844009\n|move|p1a: Roserade-Hell|Play Rough|p2a: gargle deez nuts|[miss]\n|-miss|p1a: Roserade-Hell|p2a: gargle deez nuts\n|move|p2a: gargle deez nuts|Salt Cure|p1a: Roserade-Hell\n|-damage|p1a: Roserade-Hell|76/100\n|-start|p1a: Roserade-Hell|Salt Cure\n|\n|-heal|p2a: gargle deez nuts|83/100|[from] item: Leftovers\n|-damage|p1a: Roserade-Hell|64/100|[from] Salt Cure\n|upkeep\n|turn|42\n|c|☆BlissfulSky|NOOOOOOOOOOOOOOOO\n|c|☆BlissfulSky|T-T\n|\n|t:|1763844023\n|move|p1a: Roserade-Hell|Swords Dance|p1a: Roserade-Hell\n|-boost|p1a: Roserade-Hell|atk|2\n|move|p2a: gargle deez nuts|Recover|p2a: gargle deez nuts\n|-heal|p2a: gargle deez nuts|100/100\n|\n|-damage|p1a: Roserade-Hell|52/100|[from] Salt Cure\n|upkeep\n|turn|43\n|\n|t:|1763844030\n|move|p1a: Roserade-Hell|Play Rough|p2a: gargle deez nuts\n|-supereffective|p2a: gargle deez nuts\n|-damage|p2a: gargle deez nuts|0 fnt\n|faint|p2a: gargle deez nuts\n|-ability|p1a: Roserade-Hell|Moxie|boost\n|-boost|p1a: Roserade-Hell|atk|1\n|\n|-damage|p1a: Roserade-Hell|39/100|[from] Salt Cure\n|upkeep\n|\n|t:|1763844034\n|switch|p2a: SunnyDayMorningSun|Scizor, M|34/100\n|-damage|p2a: SunnyDayMorningSun|22/100|[from] Stealth Rock\n|turn|44\n|\n|t:|1763844036\n|move|p2a: SunnyDayMorningSun|Bullet Punch|p1a: Roserade-Hell\n|-supereffective|p1a: Roserade-Hell\n|-damage|p1a: Roserade-Hell|0 fnt\n|faint|p1a: Roserade-Hell\n|detailschange|p1: Roserade-Hell|Roserade-Hell, F|[silent]\n|\n|upkeep\n|\n|t:|1763844038\n|switch|p1a: Volcarona|Volcarona, F|100/100\n|turn|45\n|\n|t:|1763844041\n|move|p2a: SunnyDayMorningSun|Bullet Punch|p1a: Volcarona\n|-resisted|p1a: Volcarona\n|-damage|p1a: Volcarona|65/100\n|move|p1a: Volcarona|Fiery Dance|p2a: SunnyDayMorningSun\n|-supereffective|p2a: SunnyDayMorningSun\n|-crit|p2a: SunnyDayMorningSun\n|-damage|p2a: SunnyDayMorningSun|0 fnt\n|faint|p2a: SunnyDayMorningSun\n|\n|win|BlissfulSky\n|c|☆BlissfulSky|gg wp\n|c|☆BlissfulSky|:)\n|c|☆nimjaishot|gg\n|l|☆nimjaishot\n|player|p2|\n|j|☆nimjaishot\n|player|p2|nimjaishot|170|\n","players":["BlissfulSky","nimjaishot"],"format":"[Gen 9] NatDex Draft","rating":null,"private":0,"password":null,"inputlog":">version fcbd19b897670a6ca2d6afcd55efaaf2b6c6cc9b\n>start {\"formatid\":\"gen9natdexdraft\",\"seed\":\"sodium,5ec6fd3ed413ec43469fd191417326f4\"}\n>player p1 {\"name\":\"BlissfulSky\",\"avatar\":\"265\",\"team\":\"Roserade-Hell||RoseraditeHELL|NaturalCure|WickedBlow,PlayRough,SwordsDance,SacredSword|Jolly|4,252,,,,252|F||||,,,,,Dark]Volcarona||HeavyDutyBoots|FlameBody|QuiverDance,GigaDrain,FieryDance,MorningSun|Modest|252,,,252,,4|F|,0,,,,|||,,,,,Bug]Empoleon||CovertCloak|Competitive|FlipTurn,Scald,Roost,StealthRock|Calm|252,,88,,168,|F||||,,,,,Water]Landorus|LandorusTherian|AssaultVest|Intimidate|RockSlide,Uturn,Earthquake,KnockOff|Jolly|4,252,,,,252|M||||,,,,,Ground]Latias||Leftovers|Levitate|Wish,Protect,MistBall,Defog|Timid|252,,32,,,224|F|,0,,,,|||,,,,,Dragon]Cursolo||CovertCloak|PerishBody|ShadowBall,StrengthSap,Surf,CalmMind|Bold|252,,252,4,,|M|,0,,,,|||,,,,,Water\",\"rating\":0}\n>player p2 {\"name\":\"nimjaishot\",\"avatar\":\"170\",\"team\":\"gargle deez nuts|Garganacl|Leftovers|PurifyingSalt|SaltCure,Earthquake,Recover,Protect|Impish|252,,252,,4,|M||||,,,,,Dragon]SunnyDayMorningSun|Scizor|ChoiceBand|Technician|KnockOff,BulletPunch,CloseCombat,Uturn|Adamant|248,252,,,8,|M||||,,,,,Bug]longer ahhh nose|Queendra|Queendrite|ClearBody|NastyPlot,Moonblast,ShadowBall,IceBeam|Timid|,,,252,4,252|F|,0,,,,|||,,,,,Ice]long ahh nose|Morgrem|Eviolite|Prankster|ThunderWave,Reflect,LightScreen,PartingShot|Calm|252,,4,,252,|M|,0,,,,|||,,,,,Dark]meat gloves|IronHands|AssaultVest|QuarkDrive|Earthquake,DrainPunch,IcePunch,RockSlide|Careful|4,,252,,252,|N||||,,,,,Fighting]Joker Persona|Ditto|MirrorHerb|Imposter|Transform|Impish|248,8,252,,,|N|,30,,,,|||,,,,,Normal\",\"rating\":0}\n>chat  The_Shawdoin|tera types?\n>chat ☆BlissfulSky|Tera water on Cursolo, T-T\n>chat ☆nimjaishot|drag garg\n>chat ☆BlissfulSky|Dragon, danggg, :)\n>chat ☆nimjaishot|gl hf\n>chat ☆BlissfulSky|glhf!\n>chat ☆nimjaishot|idk how people play on mobile bruh\n>p1 team 1, 2, 3, 4, 5, 6\n>p2 team 5, 2, 3, 4, 1, 6\n>p1 switch 4\n>p2 move drainpunch\n>p1 move knockoff\n>p2 move icepunch\n>chat ☆BlissfulSky|interesting\n>p1 move earthquake\n>p2 move drainpunch\n>p1 move uturn\n>p2 move icepunch\n>p1 switch 6\n>p1 move shadowball\n>p2 switch 4\n>p1 switch 4\n>p2 move reflect\n>p1 move playrough mega\n>p2 switch 4\n>p2 switch 2\n>p1 switch 6\n>p2 move bulletpunch\n>p1 switch 2\n>p1 move fierydance\n>p2 switch 6\n>chat ☆BlissfulSky|hmmmmmmmmmm\n>p1 move quiverdance\n>p2 move morningsun\n>chat ☆BlissfulSky|aaahhhh\n>chat ~SparksTheNeo|MY GOAT\n>chat  The_Shawdoin|HE LISTENED\n>chat ~SparksTheNeo|ur welcome for the set\n>chat  The_Shawdoin|sparks I was the person who said mirror herb first T-T\n>chat ☆nimjaishot|i thought it was funny\n>chat ~SparksTheNeo|im just taking the credit, i never came up with it\n>p1 move quiverdance\n>p2 move quiverdance\n>chat ☆nimjaishot|i’m all for the people\n>chat ☆BlissfulSky|hmmmmm\n>chat ~SparksTheNeo|whoever crit first wins\n>p1 move fierydance\n>p2 move fierydance\n>chat ☆BlissfulSky|rip\n>chat ☆BlissfulSky|Same idea, XD\n>chat ☆BlissfulSky|50% boost, right?\n>chat ~SparksTheNeo|yur\n>p1 move quiverdance\n>p2 move morningsun\n>p1 move morningsun\n>p2 switch 4\n>p1 switch 6\n>p2 move thunderwave\n>chat ☆BlissfulSky|haha! :D\n>chat ~SparksTheNeo|both of yall are cowards\n>chat ☆BlissfulSky|Hey- I swapped because he did,\n>chat ☆BlissfulSky|I was in, xD\n>p1 move wickedblow\n>p2 move reflect\n>p1 move playrough\n>p2 move lightscreen\n>p1 switch 3\n>p2 move thunderwave\n>p1 move stealthrock\n>p2 move partingshot\n>p2 switch 5\n>chat ☆BlissfulSky|T-T\n>chat ☆nimjaishot|wait \n>chat ☆nimjaishot|i’m dumb and ugly\n>chat ☆BlissfulSky|Pfff-\n>chat ☆BlissfulSky|Nooo you just forgot,\n>chat ☆BlissfulSky|There there,\n>p1 move stealthrock\n>p2 move protect\n>p1 move scald\n>p2 move saltcure terastallize\n>chat ☆BlissfulSky|Protect, salt cure, recover... hmmmm,\n>p1 move scald\n>p2 move earthquake\n>chat ☆BlissfulSky|eq\n>p1 switch 4\n>p2 move recover\n>p1 move shadowball\n>p2 move saltcure\n>chat ☆BlissfulSky|oh my gosh\n>chat ☆BlissfulSky|Right- resisted,\n>chat ☆nimjaishot|another cloak\n>chat ☆BlissfulSky|but dang\n>chat ☆BlissfulSky|Oh yeah, XD\n>chat ☆BlissfulSky|There's umm... a couple, :^\n>p1 move calmmind\n>p2 move earthquake\n>p1 move strengthsap\n>p2 switch 5\n>chat ☆BlissfulSky|awww\n>p2 switch 3\n>p1 move strengthsap\n>p2 move shadowball mega\n>p1 move calmmind\n>p2 move nastyplot\n>p1 move shadowball\n>p2 move nastyplot\n>p2 switch 4\n>p1 move shadowball\n>p2 move shadowball\n>p1 move shadowball\n>p2 move shadowball\n>p1 switch 3\n>p1 move wickedblow\n>p2 move shadowball\n>p2 switch 6\n>p1 switch 4\n>p2 move knockoff\n>p1 switch 6\n>p1 move fierydance\n>p2 switch 5\n>p1 switch 5\n>p2 move recover\n>p1 move mistball\n>p2 move saltcure\n>p1 move wish\n>p2 move protect\n>p1 move mistball\n>p2 switch 5\n>p1 move mistball\n>p2 move uturn\n>p2 switch 5\n>p1 switch 4\n>p1 move playrough\n>p2 move protect\n>p1 move playrough\n>p2 move saltcure\n>chat ☆BlissfulSky|NOOOOOOOOOOOOOOOO\n>chat ☆BlissfulSky|T-T\n>p1 move swordsdance\n>p2 move recover\n>p1 move playrough\n>p2 move earthquake\n>p2 switch 5\n>p1 move wickedblow\n>p2 move bulletpunch\n>p1 switch 5\n>p1 move fierydance\n>p2 move bulletpunch","uploadtime":1763844186}