{"id":"gen9natdexdraft-284","log":"|j|☆lapsesd\n|j|☆staygexxed\n|t:|1767106402\n|gametype|singles\n|player|p1|lapsesd|sada-ai|\n|player|p2|staygexxed|266|\n|gen|9\n|tier|[Gen 9] NatDex Draft\n|rule|Sleep Clause Mod: Limit one foe put to sleep\n|rule|OHKO Clause: OHKO moves are banned\n|rule|Evasion Clause: Evasion abilities, items, and moves are banned\n|rule|Evasion Abilities Clause: Evasion abilities are banned\n|rule|Evasion Items Clause: Evasion items are banned\n|rule|Evasion Moves Clause: Evasion moves are banned\n|rule|Endless Battle Clause: Forcing endless battles is banned\n|rule|HP Percentage Mod: HP is shown in percentages\n|clearpoke\n|poke|p1|Gengar, M|\n|poke|p1|Melmetal|\n|poke|p1|Ursaluna, M|\n|poke|p1|Rotom-Wash|\n|poke|p1|Tapu Lele|\n|poke|p1|Dragonite, M|\n|poke|p2|Skarmory, M|\n|poke|p2|Raging Bolt|\n|poke|p2|Deoxys-Speed|\n|poke|p2|Alomomola, M|\n|poke|p2|Terapagos, M|\n|poke|p2|Serperior, M|\n|teampreview\n|c|☆lapsesd|are you okay if i play slow to begin i promise il play faster as game progresses\n|c|☆staygexxed|Ok\n|c|☆lapsesd|ty\n|\n|t:|1767106553\n|teamsize|p1|6\n|teamsize|p2|6\n|start\n|switch|p1a: Magnesium|Melmetal|100/100\n|switch|p2a: Serperior|Serperior, M|100/100\n|turn|1\n|\n|t:|1767106615\n|move|p2a: Serperior|Leaf Storm|p1a: Magnesium\n|-resisted|p1a: Magnesium\n|-damage|p1a: Magnesium|62/100\n|-boost|p2a: Serperior|spa|2\n|move|p1a: Magnesium|Toxic|p2a: Serperior\n|-status|p2a: Serperior|tox\n|\n|-damage|p2a: Serperior|94/100 tox|[from] psn\n|upkeep\n|turn|2\n|\n|t:|1767106645\n|switch|p1a: Dragonite|Dragonite, M|100/100\n|move|p2a: Serperior|Leaf Storm|p1a: Dragonite\n|-resisted|p1a: Dragonite\n|-damage|p1a: Dragonite|84/100\n|-boost|p2a: Serperior|spa|2\n|\n|-damage|p2a: Serperior|82/100 tox|[from] psn\n|upkeep\n|turn|3\n|\n|t:|1767106729\n|detailschange|p1a: Dragonite|Dragonite-Mega-ZA, M\n|-mega|p1a: Dragonite|Dragonite|DragoniniteZA\n|move|p2a: Serperior|Leaf Storm|p1a: Dragonite\n|-resisted|p1a: Dragonite\n|-damage|p1a: Dragonite|48/100\n|-boost|p2a: Serperior|spa|2\n|move|p1a: Dragonite|Draco Meteor|p2a: Serperior\n|-damage|p2a: Serperior|0 fnt\n|-unboost|p1a: Dragonite|spa|2\n|faint|p2a: Serperior\n|\n|upkeep\n|\n|t:|1767106740\n|switch|p2a: Deoxys|Deoxys-Speed|100/100\n|-ability|p2a: Deoxys|Pressure\n|turn|4\n|\n|t:|1767106774\n|switch|p1a: Teddy|Ursaluna, M|100/100\n|move|p2a: Deoxys|Psycho Boost|p1a: Teddy\n|-damage|p1a: Teddy|54/100\n|-unboost|p2a: Deoxys|spa|2\n|\n|upkeep\n|turn|5\n|\n|t:|1767106815\n|switch|p2a: Skarmory|Skarmory, M|100/100\n|move|p1a: Teddy|Thunder Punch|p2a: Skarmory\n|-supereffective|p2a: Skarmory\n|-damage|p2a: Skarmory|53/100\n|-status|p2a: Skarmory|par\n|-ability|p2a: Skarmory|Weak Armor|boost\n|-unboost|p2a: Skarmory|def|1\n|-boost|p2a: Skarmory|spe|2\n|\n|upkeep\n|turn|6\n|\n|t:|1767106881\n|switch|p1a: Cait Sith|Rotom-Wash|100/100\n|detailschange|p2a: Skarmory|Skarmory-Mega-ZA, M\n|-mega|p2a: Skarmory|Skarmory|SkarmoriteZA\n|move|p2a: Skarmory|Brave Bird|p1a: Cait Sith\n|-resisted|p1a: Cait Sith\n|-crit|p1a: Cait Sith\n|-damage|p1a: Cait Sith|50/100\n|-damage|p2a: Skarmory|36/100 par|[from] Recoil\n|\n|upkeep\n|turn|7\n|\n|t:|1767106946\n|cant|p2a: Skarmory|par\n|move|p1a: Cait Sith|Thunderbolt|p2a: Skarmory\n|-supereffective|p2a: Skarmory\n|-damage|p2a: Skarmory|0 fnt\n|faint|p2a: Skarmory\n|detailschange|p2: Skarmory|Skarmory, M|[silent]\n|\n|upkeep\n|\n|t:|1767106964\n|switch|p2a: Deoxys|Deoxys-Speed|100/100\n|-ability|p2a: Deoxys|Pressure\n|turn|8\n|\n|t:|1767107112\n|move|p2a: Deoxys|Expanding Force|p1a: Cait Sith\n|-damage|p1a: Cait Sith|0 fnt\n|faint|p1a: Cait Sith\n|\n|upkeep\n|\n|t:|1767107162\n|switch|p1a: Magnesium|Melmetal|62/100\n|turn|9\n|\n|t:|1767107180\n|switch|p2a: Alomomola|Alomomola, M|100/100\n|move|p1a: Magnesium|Double Iron Bash|p2a: Alomomola\n|-resisted|p2a: Alomomola\n|-damage|p2a: Alomomola|84/100\n|-damage|p1a: Magnesium|45/100|[from] item: Rocky Helmet|[of] p2a: Alomomola\n|-resisted|p2a: Alomomola\n|-damage|p2a: Alomomola|68/100\n|-damage|p1a: Magnesium|29/100|[from] item: Rocky Helmet|[of] p2a: Alomomola\n|-hitcount|p2a: Alomomola|2\n|\n|upkeep\n|turn|10\n|\n|t:|1767107202\n|move|p2a: Alomomola|Flip Turn|p1a: Magnesium\n|-damage|p1a: Magnesium|19/100\n|\n|t:|1767107207\n|switch|p2a: Raging Bolt|Raging Bolt|100/100|[from] Flip Turn\n|move|p1a: Magnesium|Toxic|p2a: Raging Bolt\n|-status|p2a: Raging Bolt|tox\n|\n|-damage|p2a: Raging Bolt|94/100 tox|[from] psn\n|upkeep\n|turn|11\n|\n|t:|1767107286\n|-end|p2a: Raging Bolt|Protosynthesis|[silent]\n|switch|p2a: Alomomola|Alomomola, M|100/100\n|move|p1a: Magnesium|Earthquake|p2a: Alomomola\n|-damage|p2a: Alomomola|72/100\n|\n|upkeep\n|turn|12\n|\n|t:|1767107298\n|move|p2a: Alomomola|Wish|p2a: Alomomola\n|move|p1a: Magnesium|Toxic|p2a: Alomomola\n|-status|p2a: Alomomola|tox\n|\n|-damage|p2a: Alomomola|66/100 tox|[from] psn\n|upkeep\n|turn|13\n|\n|t:|1767107306\n|move|p2a: Alomomola|Knock Off|p1a: Magnesium\n|-damage|p1a: Magnesium|9/100\n|-enditem|p1a: Magnesium|Shuca Berry|[from] move: Knock Off|[of] p2a: Alomomola\n|move|p1a: Magnesium|Earthquake|p2a: Alomomola\n|-damage|p2a: Alomomola|34/100 tox\n|\n|-heal|p2a: Alomomola|84/100 tox|[from] move: Wish|[wisher] Alomomola\n|-damage|p2a: Alomomola|72/100 tox|[from] psn\n|upkeep\n|turn|14\n|\n|t:|1767107344\n|move|p2a: Alomomola|Flip Turn|p1a: Magnesium\n|-crit|p1a: Magnesium\n|-damage|p1a: Magnesium|0 fnt\n|faint|p1a: Magnesium\n|\n|t:|1767107347\n|switch|p2a: Raging Bolt|Raging Bolt|94/100 tox|[from] Flip Turn\n|\n|-damage|p2a: Raging Bolt|88/100 tox|[from] psn\n|upkeep\n|\n|t:|1767107387\n|switch|p1a: Yuna|Tapu Lele|100/100\n|-fieldstart|move: Psychic Terrain|[from] ability: Psychic Surge|[of] p1a: Yuna\n|turn|15\n|\n|t:|1767107400\n|move|p1a: Yuna|Moonblast|p2a: Raging Bolt\n|-supereffective|p2a: Raging Bolt\n|-enditem|p2a: Raging Bolt|Roseli Berry|[eat]\n|-enditem|p2a: Raging Bolt|Roseli Berry|[weaken]\n|-damage|p2a: Raging Bolt|38/100 tox\n|move|p2a: Raging Bolt|Discharge|p1a: Yuna\n|-damage|p1a: Yuna|65/100\n|-status|p1a: Yuna|par\n|\n|-damage|p2a: Raging Bolt|26/100 tox|[from] psn\n|upkeep\n|turn|16\n|\n|t:|1767107418\n|move|p2a: Raging Bolt|Rest|p2a: Raging Bolt\n|-status|p2a: Raging Bolt|slp|[from] move: Rest\n|-heal|p2a: Raging Bolt|100/100 slp|[silent]\n|move|p1a: Yuna|Aromatherapy|p1a: Yuna\n|-activate|p1a: Yuna|move: Aromatherapy\n|-curestatus|p1a: Yuna|par|[msg]\n|\n|upkeep\n|turn|17\n|\n|t:|1767107426\n|-end|p2a: Raging Bolt|Protosynthesis|[silent]\n|switch|p2a: Terapagos|Terapagos, M|100/100\n|-activate|p2a: Terapagos|ability: Tera Shift\n|detailschange|p2a: Terapagos|Terapagos-Terastal, M\n|-heal|p2a: Terapagos|100/100|[silent]\n|move|p1a: Yuna|Moonblast|p2a: Terapagos\n|-activate|p2a: Terapagos|ability: Tera Shell\n|-resisted|p2a: Terapagos\n|-damage|p2a: Terapagos|86/100\n|\n|-heal|p2a: Terapagos|92/100|[from] item: Leftovers\n|upkeep\n|turn|18\n|\n|t:|1767107490\n|move|p1a: Yuna|Moonblast|p2a: Terapagos\n|-damage|p2a: Terapagos|61/100\n|-unboost|p2a: Terapagos|spa|1\n|move|p2a: Terapagos|Earth Power|p1a: Yuna\n|-damage|p1a: Yuna|49/100\n|\n|-heal|p2a: Terapagos|67/100|[from] item: Leftovers\n|upkeep\n|turn|19\n|\n|t:|1767107569\n|switch|p2a: Alomomola|Alomomola, M|100/100 tox\n|move|p1a: Yuna|Psyshock|p2a: Alomomola\n|-damage|p2a: Alomomola|56/100 tox\n|\n|-damage|p2a: Alomomola|50/100 tox|[from] psn\n|-fieldend|move: Psychic Terrain\n|upkeep\n|turn|20\n|\n|t:|1767107585\n|move|p1a: Yuna|Thunderbolt|p2a: Alomomola\n|-supereffective|p2a: Alomomola\n|-damage|p2a: Alomomola|0 fnt\n|faint|p2a: Alomomola\n|\n|upkeep\n|\n|t:|1767107594\n|switch|p2a: Terapagos|Terapagos-Terastal, M|67/100\n|turn|21\n|\n|t:|1767107698\n|switch|p1a: Dragonite|Dragonite-Mega-ZA, M|48/100\n|move|p2a: Terapagos|Tera Starstorm|p1a: Dragonite\n|-damage|p1a: Dragonite|17/100\n|\n|-heal|p2a: Terapagos|73/100|[from] item: Leftovers\n|upkeep\n|turn|22\n|\n|t:|1767107725\n|move|p1a: Dragonite|Draco Meteor|p2a: Terapagos\n|-damage|p2a: Terapagos|25/100\n|-unboost|p1a: Dragonite|spa|2\n|move|p2a: Terapagos|Tera Starstorm|p1a: Dragonite\n|-damage|p1a: Dragonite|0 fnt\n|faint|p1a: Dragonite\n|detailschange|p1: Dragonite|Dragonite, M|[silent]\n|\n|-heal|p2a: Terapagos|31/100|[from] item: Leftovers\n|upkeep\n|\n|t:|1767107760\n|switch|p1a: Nyx Avatar|Gengar, M|100/100\n|turn|23\n|\n|t:|1767107777\n|move|p1a: Nyx Avatar|Sludge Wave|p2a: Terapagos\n|-damage|p2a: Terapagos|0 fnt\n|faint|p2a: Terapagos\n|-damage|p1a: Nyx Avatar|91/100|[from] item: Life Orb\n|\n|upkeep\n|\n|t:|1767107779\n|switch|p2a: Deoxys|Deoxys-Speed|100/100\n|-ability|p2a: Deoxys|Pressure\n|turn|24\n|\n|t:|1767107820\n|switch|p1a: Teddy|Ursaluna, M|54/100\n|move|p2a: Deoxys|Expanding Force|p1a: Teddy\n|-damage|p1a: Teddy|29/100\n|\n|upkeep\n|turn|25\n|\n|t:|1767107828\n|switch|p2a: Raging Bolt|Raging Bolt|100/100 slp\n|move|p1a: Teddy|Earthquake|p2a: Raging Bolt\n|-supereffective|p2a: Raging Bolt\n|-damage|p2a: Raging Bolt|34/100 slp\n|\n|upkeep\n|turn|26\n|\n|t:|1767107835\n|cant|p2a: Raging Bolt|slp\n|move|p2a: Raging Bolt|Sleep Talk|p2a: Raging Bolt\n|move|p2a: Raging Bolt|Dragon Pulse|p1a: Teddy|[from] move: Sleep Talk\n|-damage|p1a: Teddy|10/100\n|move|p1a: Teddy|Earthquake|p2a: Raging Bolt\n|-supereffective|p2a: Raging Bolt\n|-damage|p2a: Raging Bolt|0 fnt\n|faint|p2a: Raging Bolt\n|-end|p2a: Raging Bolt|Protosynthesis|[silent]\n|\n|upkeep\n|\n|t:|1767107840\n|switch|p2a: Deoxys|Deoxys-Speed|100/100\n|-ability|p2a: Deoxys|Pressure\n|turn|27\n|\n|t:|1767107844\n|move|p2a: Deoxys|Expanding Force|p1a: Teddy\n|-damage|p1a: Teddy|0 fnt\n|faint|p1a: Teddy\n|\n|upkeep\n|\n|t:|1767107944\n|switch|p1a: Yuna|Tapu Lele|49/100\n|-fieldstart|move: Psychic Terrain|[from] ability: Psychic Surge|[of] p1a: Yuna\n|turn|28\n|\n|t:|1767107964\n|move|p2a: Deoxys|Expanding Force|p1a: Yuna\n|-resisted|p1a: Yuna\n|-damage|p1a: Yuna|0 fnt\n|faint|p1a: Yuna\n|\n|upkeep\n|\n|t:|1767107966\n|switch|p1a: Nyx Avatar|Gengar, M|91/100\n|turn|29\n|c|☆staygexxed|Gg\n|c|☆lapsesd|gg\n|\n|t:|1767107981\n|move|p2a: Deoxys|Expanding Force|p1a: Nyx Avatar\n|-supereffective|p1a: Nyx Avatar\n|-damage|p1a: Nyx Avatar|0 fnt\n|-start|p2a: Deoxys|Disable|Expanding Force|[from] ability: Cursed Body|[of] p1a: Nyx Avatar\n|faint|p1a: Nyx Avatar\n|\n|win|staygexxed\n","players":["lapsesd","staygexxed"],"format":"[Gen 9] NatDex Draft","rating":null,"private":0,"password":null,"inputlog":">version 0d0a8c252a1f8ab806681f673fdafaf34a87df55\n>start {\"formatid\":\"gen9natdexdraft\",\"seed\":\"sodium,b489226f0e3f7d1bea650eccf732b07f\"}\n>player p1 {\"name\":\"lapsesd\",\"avatar\":\"sada-ai\",\"team\":\"Nyx Avatar|Gengar|LifeOrb|CursedBody|Psychic,DazzlingGleam,Thunderbolt,SludgeWave|Timid|4,,,252,,252|M|,0,,,,|||,,,,,Ghost]Magnesium|Melmetal|ShucaBerry|IronFist|ThunderPunch,Earthquake,Toxic,DoubleIronBash|Adamant|160,252,,,,96|N||||,,,,,Steel]Teddy|Ursaluna|AssaultVest|Guts|GunkShot,ThunderPunch,CloseCombat,Earthquake|Adamant|4,252,,,252,|M||||,,,,,Ground]Cait Sith|RotomWash|LightClay|Levitate|Defog,HydroPump,Reflect,Thunderbolt|Bold|252,,252,4,,|N|,0,,,,|||,,,,,Steel]Yuna|TapuLele|ExpertBelt|PsychicSurge|Psyshock,Moonblast,Thunderbolt,Aromatherapy|Timid|,,,252,80,176|N|,0,,,,|||,,,,,Psychic]Dragonite||DragoniniteZA|Multiscale|DracoMeteor,Hurricane,Thunderbolt,ThunderWave|Modest|,,,252,196,60|M|,0,,,,|||,,,,,Normal\",\"rating\":0}\n>player p2 {\"name\":\"staygexxed\",\"avatar\":\"266\",\"team\":\"Skarmory||SkarmoriteZA|WeakArmor|BraveBird,DrillRun,Roost,SwordsDance|Jolly|120,252,,,,136|M||||,,,,,Steel]Raging Bolt||RoseliBerry|Protosynthesis|Discharge,DragonPulse,Rest,SleepTalk|Bold|248,,252,8,,|N|,20,,,,|||,Fighting,,,,Electric]Deoxys|DeoxysSpeed|ChoiceSpecs|Pressure|PsychoBoost,ExpandingForce,IceBeam,FocusBlast|Timid|104,,,252,4,148|N|,0,,,,|||,,,,,Psychic]Alomomola||RockyHelmet|Regenerator|FlipTurn,KnockOff,Protect,Wish|Careful|248,,8,,252,|M||||,,,,,Water]Terapagos||Leftovers|TeraShift|TeraStarstorm,EarthPower,Rest,SleepTalk|Calm|248,,8,,252,|M|,15,,,,|||,Dark,,,,Stellar]Serperior||ChoiceSpecs|Contrary|LeafStorm,DragonPulse,GigaDrain,Glare|Timid|24,,,252,,232|M|,0,,,,|||,,,,,Grass\",\"rating\":0}\n>chat ☆lapsesd|are you okay if i play slow to begin i promise il play faster as game progresses\n>chat ☆staygexxed|Ok\n>chat ☆lapsesd|ty\n>p1 team 2, 1, 3, 4, 5, 6\n>p2 team 6, 2, 3, 4, 5, 1\n>p1 move toxic\n>p2 move leafstorm\n>p1 switch 6\n>p2 move leafstorm\n>p1 move dracometeor mega\n>p2 move leafstorm\n>p2 switch 3\n>p1 switch 3\n>p2 move psychoboost\n>p1 move thunderpunch\n>p2 switch 6\n>p1 switch 4\n>p2 move bravebird mega\n>p1 move thunderbolt\n>p2 move roost\n>p2 switch 6\n>p1 move thunderbolt\n>p2 move expandingforce\n>p1 switch 6\n>p1 move doubleironbash\n>p2 switch 4\n>p1 move toxic\n>p2 move flipturn\n>p2 switch 2\n>p1 move earthquake\n>p2 switch 2\n>p1 move toxic\n>p2 move wish\n>p1 move earthquake\n>p2 move knockoff\n>p1 move earthquake\n>p2 move flipturn\n>p2 switch 2\n>p1 switch 5\n>p1 move moonblast\n>p2 move discharge\n>p1 move aromatherapy\n>p2 move rest\n>p1 move moonblast\n>p2 switch 5\n>p1 move moonblast\n>p2 move earthpower\n>p1 move psyshock\n>p2 switch 2\n>p1 move thunderbolt\n>p2 move flipturn\n>p2 switch 2\n>p1 switch 3\n>p2 move terastarstorm\n>p1 move dracometeor\n>p2 move terastarstorm\n>p1 switch 2\n>p1 move sludgewave\n>p2 move rest\n>p2 switch 4\n>p1 switch 4\n>p2 move expandingforce\n>p1 move earthquake\n>p2 switch 5\n>p1 move earthquake\n>p2 move sleeptalk\n>p2 switch 5\n>p1 move earthquake\n>p2 move expandingforce\n>p1 switch 3\n>p1 move thunderbolt\n>p2 move expandingforce\n>p1 switch 4\n>chat ☆staygexxed|Gg\n>chat ☆lapsesd|gg\n>p1 move sludgewave\n>p2 move expandingforce","uploadtime":1767107986}