{"id":"gen9natdexdraft-394","log":"|j|☆Ark64\n|j|☆MastersHideout\n|t:|1763160265\n|gametype|singles\n|player|p1|Ark64|169|\n|player|p2|MastersHideout|102|\n|gen|9\n|tier|[Gen 9] NatDex Draft\n|rule|Tera Type Preview: Tera Types are shown at Team Preview\n|rule|Sleep Clause Mod: Limit one foe put to sleep\n|rule|OHKO Clause: OHKO moves are banned\n|rule|Evasion Clause: Evasion abilities, items, and moves are banned\n|rule|Evasion Abilities Clause: Evasion abilities are banned\n|rule|Evasion Items Clause: Evasion items are banned\n|rule|Evasion Moves Clause: Evasion moves are banned\n|rule|Endless Battle Clause: Forcing endless battles is banned\n|rule|HP Percentage Mod: HP is shown in percentages\n|raw|<div class=\"infobox\"><details class=\"readmore\" open><summary><strong>1 custom rule:</strong></summary> Tera Type Preview</details></div>\n|clearpoke\n|poke|p1|Tapu Koko|\n|poke|p1|Iron Bundle|\n|poke|p1|Runerigus, M|\n|poke|p1|Grimmsnarl, M|\n|poke|p1|Iron Gear, F|\n|poke|p1|Centiskorch, M|\n|poke|p2|Darkrai|\n|poke|p2|Slowbro, M|\n|poke|p2|Galvantula, F|\n|poke|p2|Ceruledge, M|\n|poke|p2|Kartana|\n|poke|p2|Latios, M|\n|raw|Ark64's Tera Types:<br /><psicon pokemon=\"tapukoko\" /><psicon type=\"Fairy\" /> / <psicon pokemon=\"ironbundle\" /><psicon type=\"Ice\" /> / <psicon pokemon=\"runerigus\" /><psicon type=\"Ground\" /> / <psicon pokemon=\"grimmsnarl\" /><psicon type=\"Dark\" /> / <psicon pokemon=\"irongear\" /><psicon type=\"Psychic\" /> / <psicon pokemon=\"centiskorch\" /><psicon type=\"Fire\" />\n|raw|MastersHideout's Tera Types:<br /><psicon pokemon=\"darkrai\" /><psicon type=\"Bug\" /> / <psicon pokemon=\"slowbro\" /><psicon type=\"Bug\" /> / <psicon pokemon=\"galvantula\" /><psicon type=\"Bug\" /> / <psicon pokemon=\"ceruledge\" /><psicon type=\"Flying\" /> / <psicon pokemon=\"kartana\" /><psicon type=\"Bug\" /> / <psicon pokemon=\"latios\" /><psicon type=\"Bug\" />\n|teampreview\n|j|~SparksTheNeo\n|\n|t:|1763160297\n|teamsize|p1|6\n|teamsize|p2|6\n|start\n|switch|p1a: Iron Bundle|Iron Bundle|100/100\n|switch|p2a: Darkrai|Darkrai, shiny|100/100\n|turn|1\n|\n|t:|1763160306\n|move|p1a: Iron Bundle|U-turn|p2a: Darkrai\n|-supereffective|p2a: Darkrai\n|-damage|p2a: Darkrai|72/100\n|\n|t:|1763160309\n|-end|p1a: Iron Bundle|Quark Drive|[silent]\n|switch|p1a: Grimmsnarl|Grimmsnarl, M|100/100|[from] U-turn\n|move|p2a: Darkrai|Thunderbolt|p1a: Grimmsnarl\n|-crit|p1a: Grimmsnarl\n|-damage|p1a: Grimmsnarl|49/100\n|\n|upkeep\n|turn|2\n|\n|t:|1763160313\n|move|p2a: Darkrai|Snatch|p2a: Darkrai\n|-singleturn|p2a: Darkrai|Snatch\n|move|p1a: Grimmsnarl|Light Screen|p1a: Grimmsnarl\n|-activate|p2a: Darkrai|move: Snatch|[of] p1a: Grimmsnarl\n|move|p2a: Darkrai|Light Screen|p2a: Darkrai|[from] Snatch\n|-sidestart|p2: MastersHideout|move: Light Screen\n|\n|upkeep\n|turn|3\n|\n|t:|1763160326\n|move|p1a: Grimmsnarl|Light Screen|p1a: Grimmsnarl\n|-sidestart|p1: Ark64|move: Light Screen\n|move|p2a: Darkrai|Sludge Bomb|p1a: Grimmsnarl\n|-supereffective|p1a: Grimmsnarl\n|-damage|p1a: Grimmsnarl|16/100\n|\n|upkeep\n|turn|4\n|c|~SparksTheNeo|holy\n|\n|t:|1763160336\n|move|p2a: Darkrai|Snatch|p2a: Darkrai\n|-singleturn|p2a: Darkrai|Snatch\n|move|p1a: Grimmsnarl|Parting Shot|p2a: Darkrai\n|-hint|Since gen 7, Dark is immune to Prankster moves.\n|-immune|p2a: Darkrai\n|\n|upkeep\n|turn|5\n|\n|t:|1763160343\n|switch|p1a: Tapu Koko|Tapu Koko|100/100\n|-fieldstart|move: Electric Terrain|[from] ability: Electric Surge|[of] p1a: Tapu Koko\n|move|p2a: Darkrai|Sludge Bomb|p1a: Tapu Koko\n|-supereffective|p1a: Tapu Koko\n|-damage|p1a: Tapu Koko|50/100\n|\n|upkeep\n|turn|6\n|\n|t:|1763160350\n|move|p1a: Tapu Koko|Dazzling Gleam|p2a: Darkrai\n|-supereffective|p2a: Darkrai\n|-damage|p2a: Darkrai|11/100\n|-damage|p1a: Tapu Koko|40/100|[from] item: Life Orb\n|move|p2a: Darkrai|Sludge Bomb|p1a: Tapu Koko\n|-supereffective|p1a: Tapu Koko\n|-damage|p1a: Tapu Koko|0 fnt\n|faint|p1a: Tapu Koko\n|\n|-sideend|p2: MastersHideout|move: Light Screen\n|upkeep\n|\n|t:|1763160356\n|switch|p1a: Iron Bundle|Iron Bundle|100/100\n|-activate|p1a: Iron Bundle|ability: Quark Drive\n|-start|p1a: Iron Bundle|quarkdrivespe\n|turn|7\n|\n|t:|1763160361\n|move|p1a: Iron Bundle|Ice Beam|p2a: Darkrai\n|-damage|p2a: Darkrai|0 fnt\n|faint|p2a: Darkrai\n|\n|upkeep\n|\n|t:|1763160370\n|switch|p2a: Slowbro|Slowbro, M|100/100\n|turn|8\n|\n|t:|1763160383\n|-end|p1a: Iron Bundle|Quark Drive|[silent]\n|switch|p1a: Centiskorch|Centiskorch, M|100/100\n|move|p2a: Slowbro|Light Screen|p2a: Slowbro\n|-sidestart|p2: MastersHideout|move: Light Screen\n|\n|upkeep\n|turn|9\n|\n|t:|1763160390\n|move|p1a: Centiskorch|Knock Off|p2a: Slowbro\n|-supereffective|p2a: Slowbro\n|-damage|p2a: Slowbro|61/100\n|-enditem|p2a: Slowbro|Light Clay|[from] move: Knock Off|[of] p1a: Centiskorch\n|move|p2a: Slowbro|Reflect|p2a: Slowbro\n|-sidestart|p2: MastersHideout|Reflect\n|\n|-fieldend|move: Electric Terrain\n|upkeep\n|turn|10\n|\n|t:|1763160397\n|move|p1a: Centiskorch|Fire Lash|p2a: Slowbro\n|-resisted|p2a: Slowbro\n|-damage|p2a: Slowbro|55/100\n|-unboost|p2a: Slowbro|def|1\n|move|p2a: Slowbro|Teleport|p2a: Slowbro\n|\n|t:|1763160446\n|switch|p2a: Kartana|Kartana|100/100|[from] Teleport\n|\n|-sideend|p1: Ark64|move: Light Screen\n|upkeep\n|turn|11\n|\n|t:|1763160450\n|move|p2a: Kartana|Aerial Ace|p1a: Centiskorch\n|-supereffective|p1a: Centiskorch\n|-crit|p1a: Centiskorch\n|-damage|p1a: Centiskorch|33/100\n|move|p1a: Centiskorch|Will-O-Wisp|p2a: Kartana\n|-status|p2a: Kartana|brn\n|\n|-damage|p2a: Kartana|94/100 brn|[from] brn\n|upkeep\n|turn|12\n|\n|t:|1763160458\n|switch|p1a: Runerigus|Runerigus, M|100/100\n|move|p2a: Kartana|Tailwind|p2a: Kartana\n|-sidestart|p2: MastersHideout|move: Tailwind\n|\n|-damage|p2a: Kartana|88/100 brn|[from] brn\n|upkeep\n|turn|13\n|\n|t:|1763160463\n|detailschange|p1a: Runerigus|Runerigus-Mega, M\n|-mega|p1a: Runerigus|Runerigus|Runerigusite\n|-ability|p1a: Runerigus|Tablets of Ruin\n|move|p2a: Kartana|Swords Dance|p2a: Kartana\n|-boost|p2a: Kartana|atk|2\n|move|p1a: Runerigus|Stealth Rock|p2a: Kartana\n|-sidestart|p2: MastersHideout|move: Stealth Rock\n|\n|-damage|p2a: Kartana|82/100 brn|[from] brn\n|-sideend|p2: MastersHideout|Reflect\n|upkeep\n|turn|14\n|\n|t:|1763160471\n|move|p2a: Kartana|Leaf Blade|p1a: Runerigus\n|-supereffective|p1a: Runerigus\n|-damage|p1a: Runerigus|43/100\n|move|p1a: Runerigus|Disable|p2a: Kartana\n|-start|p2a: Kartana|Disable|Leaf Blade\n|\n|-damage|p2a: Kartana|76/100 brn|[from] brn\n|upkeep\n|turn|15\n|\n|t:|1763160478\n|move|p2a: Kartana|Aerial Ace|p1a: Runerigus\n|-damage|p1a: Runerigus|31/100\n|move|p1a: Runerigus|Body Press|p2a: Kartana\n|-supereffective|p2a: Kartana\n|-damage|p2a: Kartana|9/100 brn\n|\n|-damage|p2a: Kartana|2/100 brn|[from] brn\n|-sideend|p2: MastersHideout|move: Light Screen\n|-sideend|p2: MastersHideout|move: Tailwind\n|upkeep\n|turn|16\n|\n|t:|1763160485\n|move|p2a: Kartana|Tailwind|p2a: Kartana\n|-sidestart|p2: MastersHideout|move: Tailwind\n|move|p1a: Runerigus|Body Press|p2a: Kartana\n|-supereffective|p2a: Kartana\n|-damage|p2a: Kartana|0 fnt\n|faint|p2a: Kartana\n|\n|upkeep\n|\n|t:|1763160494\n|switch|p2a: Ceruledge|Ceruledge, M|100/100\n|-damage|p2a: Ceruledge|76/100|[from] Stealth Rock\n|turn|17\n|\n|t:|1763160501\n|switch|p1a: Grimmsnarl|Grimmsnarl, M|16/100\n|-terastallize|p2a: Ceruledge|Flying\n|move|p2a: Ceruledge|Fling|p1a: Grimmsnarl\n|-resisted|p1a: Grimmsnarl\n|-damage|p1a: Grimmsnarl|15/100\n|-status|p1a: Grimmsnarl|par\n|-enditem|p2a: Ceruledge|Light Ball|[from] move: Fling\n|\n|upkeep\n|turn|18\n|\n|t:|1763160512\n|move|p1a: Grimmsnarl|Reflect|p1a: Grimmsnarl\n|-sidestart|p1: Ark64|Reflect\n|move|p2a: Ceruledge|Bulk Up|p2a: Ceruledge\n|-boost|p2a: Ceruledge|atk|1\n|-boost|p2a: Ceruledge|def|1\n|\n|upkeep\n|turn|19\n|\n|t:|1763160520\n|move|p1a: Grimmsnarl|Parting Shot|p2a: Ceruledge\n|-unboost|p2a: Ceruledge|atk|1\n|-unboost|p2a: Ceruledge|spa|1\n|\n|t:|1763160527\n|switch|p1a: Iron Bundle|Iron Bundle|100/100|[from] Parting Shot\n|move|p2a: Ceruledge|Bulk Up|p2a: Ceruledge\n|-boost|p2a: Ceruledge|atk|1\n|-boost|p2a: Ceruledge|def|1\n|\n|-sideend|p2: MastersHideout|move: Tailwind\n|upkeep\n|turn|20\n|\n|t:|1763160535\n|switch|p2a: Slowbro|Slowbro, M|55/100\n|-damage|p2a: Slowbro|43/100|[from] Stealth Rock\n|move|p1a: Iron Bundle|Ice Beam|p2a: Slowbro\n|-resisted|p2a: Slowbro\n|-damage|p2a: Slowbro|19/100\n|\n|upkeep\n|turn|21\n|\n|t:|1763160541\n|move|p1a: Iron Bundle|Ice Beam|p2a: Slowbro\n|-resisted|p2a: Slowbro\n|-damage|p2a: Slowbro|0 fnt\n|faint|p2a: Slowbro\n|\n|upkeep\n|\n|t:|1763160547\n|switch|p2a: Galvantula|Galvantula, F|100/100\n|-ability|p2a: Galvantula|Unnerve\n|-damage|p2a: Galvantula|76/100|[from] Stealth Rock\n|turn|22\n|\n|t:|1763160561\n|detailschange|p2a: Galvantula|Galvantula-Mega, F\n|-mega|p2a: Galvantula|Galvantula|Galvantulite\n|-ability|p2a: Galvantula|Beads of Ruin\n|move|p1a: Iron Bundle|Ice Beam|p2a: Galvantula\n|-damage|p2a: Galvantula|29/100\n|move|p2a: Galvantula|Sticky Web|p1a: Iron Bundle\n|-sidestart|p1: Ark64|move: Sticky Web\n|\n|upkeep\n|turn|23\n|\n|t:|1763160569\n|move|p1a: Iron Bundle|Ice Beam|p2a: Galvantula\n|-damage|p2a: Galvantula|0 fnt\n|faint|p2a: Galvantula\n|detailschange|p2: Galvantula|Galvantula, F|[silent]\n|\n|upkeep\n|\n|t:|1763160576\n|switch|p2a: Latios|Latios, M|100/100\n|-damage|p2a: Latios|88/100|[from] Stealth Rock\n|turn|24\n|\n|t:|1763160580\n|move|p1a: Iron Bundle|Ice Beam|p2a: Latios\n|-supereffective|p2a: Latios\n|-damage|p2a: Latios|0 fnt\n|faint|p2a: Latios\n|\n|upkeep\n|\n|t:|1763160583\n|switch|p2a: Ceruledge|Ceruledge, M, tera:Flying|76/100\n|-damage|p2a: Ceruledge|51/100|[from] Stealth Rock\n|turn|25\n|\n|t:|1763160587\n|move|p1a: Iron Bundle|Ice Beam|p2a: Ceruledge\n|-supereffective|p2a: Ceruledge\n|-damage|p2a: Ceruledge|0 fnt\n|faint|p2a: Ceruledge\n|\n|win|Ark64\n|c|☆Ark64|gg\n|c|☆MastersHideout|gg\n|c|☆Ark64|im going to be honest i have no idea how i won that lol\n","players":["Ark64","MastersHideout"],"format":"[Gen 9] NatDex Draft","rating":null,"private":0,"password":null,"inputlog":">version 19226fd8189bb53d85415584f06aa21789a3c230\n>start {\"formatid\":\"gen9natdexdraft@@@Tera Type Preview\",\"seed\":\"sodium,120634b87e51e3f1b696e54c92fd1dfb\"}\n>player p1 {\"name\":\"Ark64\",\"avatar\":\"169\",\"team\":\"Tapu Koko||LifeOrb|ElectricSurge|Roost,VoltSwitch,GrassKnot,DazzlingGleam|Timid|,,,252,4,252|N|,0,,,,|||,,,,,Fairy]Iron Bundle||ChoiceSpecs|QuarkDrive|HydroPump,IceBeam,Blizzard,Uturn|Timid|,,,252,4,252|N||||,,,,,Ice]Runerigus||Runerigusite|WanderingSpirit|BodyPress,StealthRock,Poltergeist,Disable|Careful|252,,4,,252,|M||||,,,,,Ground]Grimmsnarl||LightClay|Prankster|Reflect,Trick,LightScreen,PartingShot|Impish|252,,156,,100,|M|,0,,,,|||,,,,,Dark]Iron Gear||ChoiceSpecs|QuarkDrive|BodyPress,Psychic,FlashCannon,VoltSwitch|Timid|,,,252,4,252|F|,0,,,,|||,,,,,Psychic]Centiskorch||HeavyDutyBoots|FlashFire|WillOWisp,FireLash,LeechLife,KnockOff|Impish|248,,252,,8,|M||||,,,,,Fire\",\"rating\":0}\n>player p2 {\"name\":\"MastersHideout\",\"avatar\":\"102\",\"team\":\"Darkrai||FocusSash|BadDreams|Snatch,SludgeBomb,Thunderbolt,DarkPulse|Modest|,,196,252,,60|N|,0,,,,|S||,,,,,Bug]Slowbro||LightClay|Oblivious|LightScreen,Reflect,Teleport,ZapCannon|Calm|252,,4,,252,|M|,0,,,,|||,,,,,Bug]Galvantula||Galvantulite|Unnerve|StickyWeb,GigaDrain,HiddenPowerGround,RisingVoltage|Calm|248,,108,,152,|F|,0,,,,|||,Ground,,,,Bug]Ceruledge||LightBall|FlashFire|BitterBlade,TeraBlast,BulkUp,Fling|Careful|232,24,,,252,|M||||,,,,,Flying]Kartana||ElectricSeed|BeastBoost|Tailwind,SwordsDance,LeafBlade,AerialAce|Jolly|,252,,,4,252|N||||,,,,,Bug]Latios||LoadedDice|Levitate|DragonDance,Earthquake,Liquidation,ScaleShot|Adamant|,252,,,4,252|M||||,,,,,Bug\",\"rating\":0}\n>p1 team 2, 1, 3, 4, 5, 6\n>p2 team 1, 2, 3, 4, 5, 6\n>p1 move uturn\n>p2 move thunderbolt\n>p1 switch 4\n>p1 move lightscreen\n>p2 move snatch\n>p1 move lightscreen\n>p2 move sludgebomb\n>chat ~SparksTheNeo|holy\n>p1 move partingshot\n>p2 move snatch\n>p1 switch 2\n>p2 move sludgebomb\n>p1 move dazzlinggleam\n>p2 move sludgebomb\n>p1 switch 4\n>p1 move icebeam\n>p2 move thunderbolt\n>p2 switch 2\n>p1 switch 6\n>p2 move lightscreen\n>p1 move knockoff\n>p2 move reflect\n>p1 move firelash\n>p2 move teleport\n>p2 switch 5\n>p1 move willowisp\n>p2 move aerialace\n>p1 switch 3\n>p2 move tailwind\n>p1 move stealthrock mega\n>p2 move swordsdance\n>p1 move disable\n>p2 move leafblade\n>p1 move bodypress\n>p2 move aerialace\n>p1 move bodypress\n>p2 move tailwind\n>p2 switch 4\n>p1 switch 2\n>p2 move fling terastallize\n>p1 move reflect\n>p2 move bulkup\n>p1 move partingshot\n>p2 move bulkup\n>p1 switch 6\n>p1 move icebeam\n>p2 switch 5\n>p1 move icebeam\n>p2 move zapcannon\n>p2 switch 3\n>p1 move icebeam\n>p2 move stickyweb mega\n>p1 move icebeam\n>p2 move gigadrain\n>p2 switch 6\n>p1 move icebeam\n>p2 move scaleshot\n>p2 switch 5\n>p1 move icebeam\n>p2 move bitterblade","uploadtime":1763160611}