{"id":"gen9natdexdraft-125","log":"|j|☆bristolcitybewears\n|j|☆terrabite\n|t:|1765406863\n|gametype|singles\n|player|p1|bristolcitybewears|265|\n|player|p2|terrabite|101|\n|gen|9\n|tier|[Gen 9] NatDex Draft\n|rule|Sleep Clause Mod: Limit one foe put to sleep\n|rule|OHKO Clause: OHKO moves are banned\n|rule|Evasion Clause: Evasion abilities, items, and moves are banned\n|rule|Evasion Abilities Clause: Evasion abilities are banned\n|rule|Evasion Items Clause: Evasion items are banned\n|rule|Evasion Moves Clause: Evasion moves are banned\n|rule|Endless Battle Clause: Forcing endless battles is banned\n|rule|HP Percentage Mod: HP is shown in percentages\n|clearpoke\n|poke|p1|Dragalge, M|\n|poke|p1|Porygon|\n|poke|p1|Mamoswine, M|\n|poke|p1|Tornadus-Therian, M|\n|poke|p1|Terrakion|\n|poke|p1|Cinderace, M|\n|poke|p2|Scrafty, M|\n|poke|p2|Gastrodon-East, F|\n|poke|p2|Volcarona, F|\n|poke|p2|Spectrier|\n|poke|p2|Glimmora, F|\n|poke|p2|Scizor, M|\n|teampreview\n|j| LusterSN\n|c|☆bristolcitybewears|gl hf \n|j| AeroXI\n|j| CretaceousDraconid\n|\n|t:|1765406972\n|teamsize|p1|6\n|teamsize|p2|6\n|start\n|switch|p1a: Wooly Mamo|Mamoswine, M|100/100\n|switch|p2a: Scizor|Scizor, M|100/100\n|turn|1\n|j| Amp ib\n|\n|t:|1765407023\n|switch|p1a: Will Ospreay|Tornadus-Therian, M|100/100\n|move|p2a: Scizor|U-turn|p1a: Will Ospreay\n|-resisted|p1a: Will Ospreay\n|-damage|p1a: Will Ospreay|75/100\n|\n|t:|1765407042\n|switch|p2a: Glimmora|Glimmora, F|100/100|[from] U-turn\n|\n|upkeep\n|turn|2\n|\n|t:|1765407080\n|move|p1a: Will Ospreay|U-turn|p2a: Glimmora\n|-resisted|p2a: Glimmora\n|-damage|p2a: Glimmora|93/100\n|l| Amp ib\n|\n|t:|1765407099\n|switch|p1a: Roman Reigns|Dragalge, M|100/100|[from] U-turn\n|move|p2a: Glimmora|Power Gem|p1a: Roman Reigns\n|-damage|p1a: Roman Reigns|70/100\n|\n|upkeep\n|turn|3\n|j| Amp ib\n|c| Amp ib|Porygon brought peak\n|\n|t:|1765407249\n|switch|p2a: Gastrodon|Gastrodon-East, F|100/100\n|detailschange|p1a: Roman Reigns|Dragalge-Mega-ZA, M\n|-mega|p1a: Roman Reigns|Dragalge|DragalgiteZA\n|move|p1a: Roman Reigns|Shadow Ball|p2a: Gastrodon\n|-damage|p2a: Gastrodon|82/100\n|-unboost|p2a: Gastrodon|spd|1\n|\n|-heal|p2a: Gastrodon|88/100|[from] item: Leftovers\n|upkeep\n|turn|4\n|\n|t:|1765407296\n|move|p2a: Gastrodon|Scald|p1a: Roman Reigns\n|-resisted|p1a: Roman Reigns\n|-damage|p1a: Roman Reigns|63/100\n|-status|p1a: Roman Reigns|brn\n|move|p1a: Roman Reigns|Toxic|p2a: Gastrodon\n|-status|p2a: Gastrodon|tox\n|\n|-heal|p2a: Gastrodon|94/100 tox|[from] item: Leftovers\n|-damage|p2a: Gastrodon|88/100 tox|[from] psn\n|-damage|p1a: Roman Reigns|57/100 brn|[from] brn\n|upkeep\n|turn|5\n|\n|t:|1765407323\n|switch|p1a: Will Ospreay|Tornadus-Therian, M|100/100\n|move|p2a: Gastrodon|Earthquake|p1a: Will Ospreay\n|-immune|p1a: Will Ospreay\n|\n|-heal|p2a: Gastrodon|94/100 tox|[from] item: Leftovers\n|-damage|p2a: Gastrodon|82/100 tox|[from] psn\n|upkeep\n|turn|6\n|\n|t:|1765407350\n|switch|p2a: Scizor|Scizor, M|100/100\n|move|p1a: Will Ospreay|U-turn|p2a: Scizor\n|-resisted|p2a: Scizor\n|-damage|p2a: Scizor|92/100\n|\n|t:|1765407357\n|switch|p1a: Steven Gerrard|Cinderace, M|100/100|[from] U-turn\n|\n|upkeep\n|turn|7\n|\n|t:|1765407370\n|switch|p2a: Volcarona|Volcarona, F|100/100\n|move|p1a: Steven Gerrard|Pyro Ball|p2a: Volcarona|[miss]\n|-miss|p1a: Steven Gerrard|p2a: Volcarona\n|\n|upkeep\n|turn|8\n|\n|t:|1765407411\n|move|p1a: Steven Gerrard|Taunt|p2a: Volcarona\n|-start|p1a: Steven Gerrard|typechange|Dark|[from] ability: Libero\n|-start|p2a: Volcarona|move: Taunt\n|move|p2a: Volcarona|U-turn|p1a: Steven Gerrard\n|-supereffective|p1a: Steven Gerrard\n|-damage|p1a: Steven Gerrard|61/100\n|\n|t:|1765407437\n|switch|p2a: Glimmora|Glimmora, F|93/100|[from] U-turn\n|\n|upkeep\n|turn|9\n|\n|t:|1765407490\n|switch|p1a: Roman Reigns|Dragalge-Mega-ZA, M|91/100 brn\n|move|p2a: Glimmora|Earth Power|p1a: Roman Reigns\n|-supereffective|p1a: Roman Reigns\n|-damage|p1a: Roman Reigns|52/100 brn\n|\n|-damage|p1a: Roman Reigns|46/100 brn|[from] brn\n|upkeep\n|turn|10\n|\n|t:|1765407513\n|switch|p1a: Will Ospreay|Tornadus-Therian, M|100/100\n|move|p2a: Glimmora|Rock Polish|p2a: Glimmora\n|-boost|p2a: Glimmora|spe|2\n|\n|upkeep\n|turn|11\n|\n|t:|1765407533\n|move|p2a: Glimmora|Meteor Beam||[still]\n|-prepare|p2a: Glimmora|Meteor Beam\n|-boost|p2a: Glimmora|spa|1\n|-enditem|p2a: Glimmora|Power Herb\n|-anim|p2a: Glimmora|Meteor Beam|p1a: Will Ospreay\n|-supereffective|p1a: Will Ospreay\n|-damage|p1a: Will Ospreay|0 fnt\n|faint|p1a: Will Ospreay\n|\n|upkeep\n|\n|t:|1765407547\n|switch|p1a: Wooly Mamo|Mamoswine, M|100/100\n|turn|12\n|\n|t:|1765407576\n|move|p2a: Glimmora|Power Gem|p1a: Wooly Mamo\n|-damage|p1a: Wooly Mamo|3/100\n|move|p1a: Wooly Mamo|Earthquake|p2a: Glimmora\n|-supereffective|p2a: Glimmora\n|-damage|p2a: Glimmora|0 fnt\n|faint|p2a: Glimmora\n|\n|upkeep\n|l| Amp ib\n|\n|t:|1765407654\n|switch|p2a: Scizor|Scizor, M|92/100\n|turn|13\n|\n|t:|1765407672\n|move|p2a: Scizor|Bullet Punch|p1a: Wooly Mamo\n|-supereffective|p1a: Wooly Mamo\n|-crit|p1a: Wooly Mamo\n|-damage|p1a: Wooly Mamo|0 fnt\n|faint|p1a: Wooly Mamo\n|\n|upkeep\n|\n|t:|1765407678\n|switch|p1a: Steven Gerrard|Cinderace, M|61/100\n|turn|14\n|\n|t:|1765407735\n|switch|p2a: Gastrodon|Gastrodon-East, F|82/100 tox\n|move|p1a: Steven Gerrard|Pyro Ball|p2a: Gastrodon\n|-resisted|p2a: Gastrodon\n|-damage|p2a: Gastrodon|57/100 tox\n|\n|-heal|p2a: Gastrodon|63/100 tox|[from] item: Leftovers\n|-damage|p2a: Gastrodon|57/100 tox|[from] psn\n|upkeep\n|turn|15\n|\n|t:|1765407742\n|move|p1a: Steven Gerrard|Trailblaze|p2a: Gastrodon\n|-start|p1a: Steven Gerrard|typechange|Grass|[from] ability: Libero\n|-supereffective|p2a: Gastrodon\n|-damage|p2a: Gastrodon|0 fnt\n|-boost|p1a: Steven Gerrard|spe|1\n|faint|p2a: Gastrodon\n|\n|upkeep\n|\n|t:|1765407749\n|switch|p2a: Volcarona|Volcarona, F|100/100\n|turn|16\n|\n|t:|1765407758\n|switch|p1a: Roman Reigns|Dragalge-Mega-ZA, M|79/100 brn\n|move|p2a: Volcarona|Psychic|p1a: Roman Reigns\n|-supereffective|p1a: Roman Reigns\n|-damage|p1a: Roman Reigns|49/100 brn\n|\n|-damage|p1a: Roman Reigns|43/100 brn|[from] brn\n|upkeep\n|turn|17\n|\n|t:|1765407768\n|move|p2a: Volcarona|U-turn|p1a: Roman Reigns\n|-resisted|p1a: Roman Reigns\n|-damage|p1a: Roman Reigns|37/100 brn\n|\n|t:|1765407769\n|switch|p2a: Scizor|Scizor, M|92/100|[from] U-turn\n|move|p1a: Roman Reigns|Toxic|p2a: Scizor\n|-immune|p2a: Scizor\n|\n|-damage|p1a: Roman Reigns|31/100 brn|[from] brn\n|upkeep\n|turn|18\n|\n|t:|1765407777\n|switch|p1a: The Rock|Terrakion|100/100\n|move|p2a: Scizor|Bullet Punch|p1a: The Rock\n|-supereffective|p1a: The Rock\n|-crit|p1a: The Rock\n|-damage|p1a: The Rock|0 fnt\n|faint|p1a: The Rock\n|\n|upkeep\n|\n|t:|1765407785\n|switch|p1a: Steven Gerrard|Cinderace, M|61/100\n|turn|19\n|\n|t:|1765407817\n|switch|p2a: Volcarona|Volcarona, F|100/100\n|move|p1a: Steven Gerrard|Pyro Ball|p2a: Volcarona\n|-damage|p2a: Volcarona|50/100\n|\n|upkeep\n|turn|20\n|\n|t:|1765407844\n|move|p1a: Steven Gerrard|Pyro Ball|p2a: Volcarona\n|-damage|p2a: Volcarona|3/100\n|move|p2a: Volcarona|Psychic|p1a: Steven Gerrard\n|-damage|p1a: Steven Gerrard|21/100\n|\n|upkeep\n|turn|21\n|\n|t:|1765407886\n|move|p1a: Steven Gerrard|Sucker Punch|p2a: Volcarona\n|-start|p1a: Steven Gerrard|typechange|Dark|[from] ability: Libero\n|-damage|p2a: Volcarona|0 fnt\n|faint|p2a: Volcarona\n|\n|upkeep\n|\n|t:|1765407893\n|switch|p2a: Scrafty|Scrafty, M|100/100\n|turn|22\n|\n|t:|1765407920\n|detailschange|p2a: Scrafty|Scrafty-Mega-ZA, M\n|-mega|p2a: Scrafty|Scrafty|ScraftiniteZA\n|-ability|p2a: Scrafty|Intimidate|boost\n|-unboost|p1a: Steven Gerrard|atk|1\n|move|p1a: Steven Gerrard|Taunt|p2a: Scrafty\n|-start|p2a: Scrafty|move: Taunt\n|cant|p2a: Scrafty|move: Taunt|Dragon Dance\n|\n|upkeep\n|turn|23\n|\n|t:|1765407926\n|move|p1a: Steven Gerrard|Pyro Ball|p2a: Scrafty\n|-damage|p2a: Scrafty|75/100\n|move|p2a: Scrafty|Drain Punch|p1a: Steven Gerrard\n|-supereffective|p1a: Steven Gerrard\n|-damage|p1a: Steven Gerrard|0 fnt\n|-heal|p2a: Scrafty|86/100|[from] drain|[of] p1a: Steven Gerrard\n|faint|p1a: Steven Gerrard\n|\n|upkeep\n|\n|t:|1765407937\n|switch|p1a: Roman Reigns|Dragalge-Mega-ZA, M|64/100 brn\n|turn|24\n|\n|t:|1765407944\n|move|p2a: Scrafty|Ice Punch|p1a: Roman Reigns\n|-supereffective|p1a: Roman Reigns\n|-damage|p1a: Roman Reigns|24/100 brn\n|move|p1a: Roman Reigns|Toxic|p2a: Scrafty\n|-status|p2a: Scrafty|tox\n|\n|-damage|p2a: Scrafty|80/100 tox|[from] psn\n|-damage|p1a: Roman Reigns|18/100 brn|[from] brn\n|-end|p2a: Scrafty|move: Taunt\n|upkeep\n|turn|25\n|\n|t:|1765407948\n|switch|p1a: Choice Band|Porygon|100/100\n|move|p2a: Scrafty|Ice Punch|p1a: Choice Band\n|-damage|p1a: Choice Band|78/100\n|\n|-damage|p2a: Scrafty|68/100 tox|[from] psn\n|upkeep\n|turn|26\n|\n|t:|1765407957\n|move|p2a: Scrafty|Drain Punch|p1a: Choice Band\n|-supereffective|p1a: Choice Band\n|-damage|p1a: Choice Band|4/100\n|-heal|p2a: Scrafty|100/100 tox|[from] drain|[of] p1a: Choice Band\n|move|p1a: Choice Band|Recover|p1a: Choice Band\n|-heal|p1a: Choice Band|54/100\n|\n|-damage|p2a: Scrafty|82/100 tox|[from] psn\n|upkeep\n|turn|27\n|\n|t:|1765407970\n|switch|p1a: Roman Reigns|Dragalge-Mega-ZA, M|52/100 brn\n|move|p2a: Scrafty|Drain Punch|p1a: Roman Reigns\n|-resisted|p1a: Roman Reigns\n|-damage|p1a: Roman Reigns|36/100 brn\n|-heal|p2a: Scrafty|92/100 tox|[from] drain|[of] p1a: Roman Reigns\n|\n|-damage|p2a: Scrafty|67/100 tox|[from] psn\n|-damage|p1a: Roman Reigns|30/100 brn|[from] brn\n|upkeep\n|turn|28\n|\n|t:|1765407979\n|switch|p1a: Choice Band|Porygon|54/100\n|move|p2a: Scrafty|Ice Punch|p1a: Choice Band\n|-damage|p1a: Choice Band|32/100\n|\n|-damage|p2a: Scrafty|37/100 tox|[from] psn\n|upkeep\n|turn|29\n|\n|t:|1765407985\n|switch|p1a: Roman Reigns|Dragalge-Mega-ZA, M|63/100 brn\n|move|p2a: Scrafty|Drain Punch|p1a: Roman Reigns\n|-resisted|p1a: Roman Reigns\n|-damage|p1a: Roman Reigns|46/100 brn\n|-heal|p2a: Scrafty|47/100 tox|[from] drain|[of] p1a: Roman Reigns\n|\n|-damage|p2a: Scrafty|11/100 tox|[from] psn\n|-damage|p1a: Roman Reigns|40/100 brn|[from] brn\n|upkeep\n|turn|30\n|\n|t:|1765407991\n|switch|p1a: Choice Band|Porygon|32/100\n|move|p2a: Scrafty|Drain Punch|p1a: Choice Band\n|-supereffective|p1a: Choice Band\n|-damage|p1a: Choice Band|0 fnt\n|-heal|p2a: Scrafty|29/100 tox|[from] drain|[of] p1a: Choice Band\n|faint|p1a: Choice Band\n|\n|-damage|p2a: Scrafty|0 fnt|[from] psn\n|faint|p2a: Scrafty\n|detailschange|p2: Scrafty|Scrafty, M|[silent]\n|upkeep\n|\n|t:|1765407998\n|switch|p2a: Scizor|Scizor, M|92/100\n|switch|p1a: Roman Reigns|Dragalge-Mega-ZA, M|73/100 brn\n|turn|31\n|\n|t:|1765408006\n|move|p2a: Scizor|Bullet Punch|p1a: Roman Reigns\n|-crit|p1a: Roman Reigns\n|-damage|p1a: Roman Reigns|33/100 brn\n|move|p1a: Roman Reigns|Shadow Ball|p2a: Scizor\n|-damage|p2a: Scizor|66/100\n|\n|-damage|p1a: Roman Reigns|27/100 brn|[from] brn\n|upkeep\n|turn|32\n|\n|t:|1765408012\n|move|p2a: Scizor|Bullet Punch|p1a: Roman Reigns\n|-damage|p1a: Roman Reigns|0 fnt\n|faint|p1a: Roman Reigns\n|detailschange|p1: Roman Reigns|Dragalge, M|[silent]\n|\n|win|terrabite\n","players":["bristolcitybewears","terrabite"],"format":"[Gen 9] NatDex Draft","rating":null,"private":0,"password":null,"inputlog":">version bdb4a0036935f39b98925754afcd47960889aa4d\n>start {\"formatid\":\"gen9natdexdraft\",\"seed\":\"sodium,b4483d501d90473f88d58c1b7259f964\"}\n>player p1 {\"name\":\"bristolcitybewears\",\"avatar\":\"265\",\"team\":\"Roman Reigns|Dragalge|DragalgiteZA|PoisonPoint|Haze,Toxic,SludgeBomb,ShadowBall|Sassy|248,,196,12,52,|M|,0,,,,|||,,,,,Poison]Choice Band|Porygon|Eviolite|Analytic|Recover,Teleport,FoulPlay,ShadowBall|Calm|252,,,4,252,|N|,0,,,,|||,,,,,Normal]Wooly Mamo|Mamoswine|FocusSash|Oblivious|Superpower,Earthquake,FreezeDry,IcicleCrash|Naughty|,56,,200,,252|M||||,,,,,Ice]Will Ospreay|TornadusTherian|ChoiceScarf|Regenerator|Uturn,Psychic,Hurricane,AirSlash|Timid|80,,,252,,176|M||||,,,,,Flying]The Rock|Terrakion|ClearAmulet|Justified|RockPolish,CloseCombat,Earthquake,RockSlide|Jolly|64,252,,,,192|N||||,,,,,Rock]Steven Gerrard|Cinderace|HeavyDutyBoots|Libero|Taunt,SuckerPunch,PyroBall,Trailblaze|Jolly|64,252,,,,192|M||||,,,,,Fire\",\"rating\":0}\n>player p2 {\"name\":\"terrabite\",\"avatar\":\"101\",\"team\":\"Scrafty||ScraftiniteZA|ShedSkin|DrainPunch,IcePunch,KnockOff,DragonDance|Jolly|28,252,,,,228|M||||,,,,,Dark]Gastrodon|GastrodonEast|Leftovers|StickyHold|Earthquake,Scald,Recover,Spikes|Impish|252,,124,,132,|F||||,,,,,Water]Volcarona||HeavyDutyBoots|FlameBody|FieryDance,Psychic,Uturn,Roost|Bold|252,,252,4,,|F||||,,,,,Bug]Spectrier||ColburBerry|GrimNeigh|ShadowBall,WillOWisp,DrainingKiss,Substitute|Timid|72,,,252,,184|N|,0,,,,|||,,,,,Ghost]Glimmora||PowerHerb|Corrosion|RockPolish,MeteorBeam,PowerGem,EarthPower|Timid|76,,,252,,180|F|,0,,,,|||,,,,,Rock]Scizor||HeavyDutyBoots|Technician|BulletPunch,Defog,Roost,Uturn|Adamant|220,252,,,,36|M||||,,,,,Bug\",\"rating\":0}\n>chat ☆bristolcitybewears|gl hf \n>p1 team 3, 2, 1, 4, 5, 6\n>p2 team 6, 2, 3, 4, 5, 1\n>p1 switch 4\n>p2 move uturn\n>p2 switch 5\n>p1 move uturn\n>p2 move powergem\n>p1 switch 3\n>chat  Amp ib|Porygon brought peak\n>p1 move shadowball mega\n>p2 switch 2\n>p1 move toxic\n>p2 move scald\n>p1 switch 3\n>p2 move earthquake\n>p1 move uturn\n>p2 switch 5\n>p1 switch 6\n>p1 move pyroball\n>p2 switch 3\n>p1 move taunt\n>p2 move uturn\n>p2 switch 2\n>p1 switch 3\n>p2 move earthpower\n>p1 switch 6\n>p2 move rockpolish\n>p1 move psychic\n>p2 move meteorbeam\n>p1 switch 4\n>p1 move earthquake\n>p2 move powergem\n>p2 switch 3\n>p1 move earthquake\n>p2 move bulletpunch\n>p1 switch 3\n>p1 move pyroball\n>p2 switch 5\n>p1 move trailblaze\n>p2 move recover\n>p2 switch 2\n>p1 switch 6\n>p2 move psychic\n>p1 move toxic\n>p2 move uturn\n>p2 switch 5\n>p1 switch 5\n>p2 move bulletpunch\n>p1 switch 6\n>p1 move pyroball\n>p2 switch 5\n>p1 move pyroball\n>p2 move psychic\n>p1 move suckerpunch\n>p2 move psychic\n>p2 switch 6\n>p1 move taunt\n>p2 move dragondance mega\n>p1 move pyroball\n>p2 move drainpunch\n>p1 switch 5\n>p1 move toxic\n>p2 move icepunch\n>p1 switch 2\n>p2 move icepunch\n>p1 move recover\n>p2 move drainpunch\n>p1 switch 2\n>p2 move drainpunch\n>p1 switch 2\n>p2 move icepunch\n>p1 switch 2\n>p2 move drainpunch\n>p1 switch 2\n>p2 move drainpunch\n>p1 switch 2\n>p2 switch 5\n>p1 move shadowball\n>p2 move bulletpunch\n>p1 move shadowball\n>p2 move bulletpunch","uploadtime":1765408023}