{"id":"gen9natdexdraft-31","log":"|j|☆The_Shawdoin\n|j|☆nimjaishot\n|t:|1759274403\n|gametype|singles\n|player|p1|The_Shawdoin|170|\n|player|p2|nimjaishot|170|\n|gen|9\n|tier|[Gen 9] NatDex Draft\n|rule|Tera Type Preview: Tera Types are shown at Team Preview\n|rule|Sleep Clause Mod: Limit one foe put to sleep\n|rule|OHKO Clause: OHKO moves are banned\n|rule|Evasion Clause: Evasion abilities, items, and moves are banned\n|rule|Evasion Abilities Clause: Evasion abilities are banned\n|rule|Evasion Items Clause: Evasion items are banned\n|rule|Evasion Moves Clause: Evasion moves are banned\n|rule|Endless Battle Clause: Forcing endless battles is banned\n|rule|HP Percentage Mod: HP is shown in percentages\n|raw|<div class=\"infobox\"><details class=\"readmore\" open><summary><strong>1 custom rule:</strong></summary> Tera Type Preview</details></div>\n|clearpoke\n|poke|p1|Wild Wind, F|\n|poke|p1|Iron Saw, F|\n|poke|p1|Drifblim-Hell, M|\n|poke|p1|Gouging Fire|\n|poke|p1|Terapagos, M|\n|poke|p1|Zapdos|\n|poke|p2|Garganacl, F|\n|poke|p2|Razor Spine, F|\n|poke|p2|Iron Hands|\n|poke|p2|Morgrem, M|\n|poke|p2|Queendra, F|\n|poke|p2|Enamorus, F|\n|raw|The_Shawdoin's Tera Types:<br /><psicon pokemon=\"wildwind\" /><psicon type=\"Normal\" /> / <psicon pokemon=\"ironsaw\" /><psicon type=\"Electric\" /> / <psicon pokemon=\"drifblimhell\" /><psicon type=\"Water\" /> / <psicon pokemon=\"gougingfire\" /><psicon type=\"Fire\" /> / <psicon pokemon=\"terapagos\" /><psicon type=\"Stellar\" /> / <psicon pokemon=\"zapdos\" /><psicon type=\"Electric\" />\n|raw|nimjaishot's Tera Types:<br /><psicon pokemon=\"garganacl\" /><psicon type=\"Grass\" /> / <psicon pokemon=\"razorspine\" /><psicon type=\"Steel\" /> / <psicon pokemon=\"ironhands\" /><psicon type=\"Electric\" /> / <psicon pokemon=\"morgrem\" /><psicon type=\"Dark\" /> / <psicon pokemon=\"queendra\" /><psicon type=\"Ice\" /> / <psicon pokemon=\"enamorus\" /><psicon type=\"Stellar\" />\n|teampreview\n|c|☆The_Shawdoin|gl hf\n|c|☆nimjaishot|gl hf\n|j|~SparksTheNeo\n|j| liviifailure\n|\n|t:|1759274471\n|teamsize|p1|6\n|teamsize|p2|6\n|start\n|switch|p1a: Wild Wind|Wild Wind, F|100/100\n|switch|p2a: Morgrem|Morgrem, M|100/100\n|turn|1\n|\n|t:|1759274476\n|move|p2a: Morgrem|Taunt|p1a: Wild Wind\n|-start|p1a: Wild Wind|move: Taunt\n|move|p1a: Wild Wind|Dire Claw|p2a: Morgrem\n|-supereffective|p2a: Morgrem\n|-damage|p2a: Morgrem|65/100\n|\n|upkeep\n|turn|2\n|\n|t:|1759274485\n|move|p2a: Morgrem|Reflect|p2a: Morgrem\n|-sidestart|p2: nimjaishot|Reflect\n|move|p1a: Wild Wind|Dire Claw|p2a: Morgrem\n|-supereffective|p2a: Morgrem\n|-damage|p2a: Morgrem|47/100\n|\n|upkeep\n|turn|3\n|\n|t:|1759274490\n|move|p2a: Morgrem|Light Screen|p2a: Morgrem\n|-sidestart|p2: nimjaishot|move: Light Screen\n|move|p1a: Wild Wind|U-turn|p2a: Morgrem\n|-damage|p2a: Morgrem|39/100\n|\n|t:|1759274508\n|-end|p1a: Wild Wind|Protosynthesis|[silent]\n|switch|p1a: Drifblim-Hell|Drifblim-Hell, M|100/100|[from] U-turn\n|\n|upkeep\n|turn|4\n|\n|t:|1759274514\n|detailschange|p1a: Drifblim-Hell|Drifblim-Hell-Mega, M\n|-mega|p1a: Drifblim-Hell|Drifblim-Hell|Drifblimite Hell\n|move|p2a: Morgrem|Parting Shot|p1a: Drifblim-Hell\n|-unboost|p1a: Drifblim-Hell|atk|1\n|-unboost|p1a: Drifblim-Hell|spa|1\n|\n|t:|1759274533\n|switch|p2a: Garganacl|Garganacl, F|100/100|[from] Parting Shot\n|move|p1a: Drifblim-Hell|Calm Mind|p1a: Drifblim-Hell\n|-boost|p1a: Drifblim-Hell|spa|1\n|-boost|p1a: Drifblim-Hell|spd|1\n|\n|upkeep\n|turn|5\n|\n|t:|1759274548\n|switch|p1a: Wild Wind|Wild Wind, F|100/100\n|move|p2a: Garganacl|Salt Cure|p1a: Wild Wind\n|-damage|p1a: Wild Wind|88/100\n|\n|upkeep\n|turn|6\n|\n|t:|1759274559\n|move|p1a: Wild Wind|Dire Claw|p2a: Garganacl\n|-resisted|p2a: Garganacl\n|-damage|p2a: Garganacl|99/100\n|move|p2a: Garganacl|Stealth Rock|p1a: Wild Wind\n|-sidestart|p1: The_Shawdoin|move: Stealth Rock\n|\n|-heal|p2a: Garganacl|100/100|[from] item: Leftovers\n|upkeep\n|turn|7\n|\n|t:|1759274569\n|switch|p2a: Razor Spine|Razor Spine, F|100/100\n|move|p1a: Wild Wind|Leech Seed|p2a: Razor Spine\n|-start|p2a: Razor Spine|move: Leech Seed\n|\n|-damage|p2a: Razor Spine|88/100|[from] Leech Seed|[of] p1a: Wild Wind\n|-heal|p1a: Wild Wind|96/100|[silent]\n|upkeep\n|turn|8\n|\n|t:|1759274594\n|move|p2a: Razor Spine|Rock Slide|p1a: Wild Wind\n|-damage|p1a: Wild Wind|64/100\n|move|p1a: Wild Wind|Foul Play|p2a: Razor Spine\n|-supereffective|p2a: Razor Spine\n|-damage|p2a: Razor Spine|54/100\n|\n|-damage|p2a: Razor Spine|42/100|[from] Leech Seed|[of] p1a: Wild Wind\n|-heal|p1a: Wild Wind|72/100|[silent]\n|upkeep\n|turn|9\n|\n|t:|1759274604\n|-end|p2a: Razor Spine|Protosynthesis|[silent]\n|switch|p2a: Garganacl|Garganacl, F|100/100\n|move|p1a: Wild Wind|Foul Play|p2a: Garganacl\n|-damage|p2a: Garganacl|95/100\n|\n|-heal|p2a: Garganacl|100/100|[from] item: Leftovers\n|-sideend|p2: nimjaishot|Reflect\n|upkeep\n|turn|10\n|c|☆The_Shawdoin|this sets fun :3\n|\n|t:|1759274654\n|switch|p2a: Morgrem|Morgrem, M|39/100\n|move|p1a: Wild Wind|Leech Seed|p2a: Morgrem\n|-start|p2a: Morgrem|move: Leech Seed\n|\n|-damage|p2a: Morgrem|26/100|[from] Leech Seed|[of] p1a: Wild Wind\n|-heal|p1a: Wild Wind|81/100|[silent]\n|-sideend|p2: nimjaishot|move: Light Screen\n|upkeep\n|turn|11\n|\n|t:|1759274664\n|move|p2a: Morgrem|Reflect|p2a: Morgrem\n|-sidestart|p2: nimjaishot|Reflect\n|move|p1a: Wild Wind|Foul Play|p2a: Morgrem\n|-resisted|p2a: Morgrem\n|-damage|p2a: Morgrem|24/100\n|\n|-damage|p2a: Morgrem|12/100|[from] Leech Seed|[of] p1a: Wild Wind\n|-heal|p1a: Wild Wind|89/100|[silent]\n|upkeep\n|turn|12\n|\n|t:|1759274677\n|move|p2a: Morgrem|Parting Shot|p1a: Wild Wind\n|-unboost|p1a: Wild Wind|atk|1\n|-unboost|p1a: Wild Wind|spa|1\n|\n|t:|1759274680\n|switch|p2a: Enamorus|Enamorus, F|100/100|[from] Parting Shot\n|move|p1a: Wild Wind|Dire Claw|p2a: Enamorus\n|-supereffective|p2a: Enamorus\n|-damage|p2a: Enamorus|85/100\n|-status|p2a: Enamorus|slp\n|\n|upkeep\n|turn|13\n|c|~SparksTheNeo|i have no idea why i was thinking shaw was on the other side\n|c|~SparksTheNeo|just saw morgrem\n|c|☆nimjaishot|...\n|c|~SparksTheNeo|and thought it was shaw\n|\n|t:|1759274698\n|switch|p2a: Morgrem|Morgrem, M|12/100\n|move|p1a: Wild Wind|Leech Seed|p2a: Morgrem\n|-start|p2a: Morgrem|move: Leech Seed\n|\n|-damage|p2a: Morgrem|0 fnt|[from] Leech Seed|[of] p1a: Wild Wind\n|-heal|p1a: Wild Wind|98/100|[silent]\n|faint|p2a: Morgrem\n|upkeep\n|c|☆The_Shawdoin|Ive drafted that mon 6 times so fair\n|\n|t:|1759274710\n|switch|p2a: Garganacl|Garganacl, F|100/100\n|turn|14\n|\n|t:|1759274729\n|-terastallize|p2a: Garganacl|Grass\n|move|p1a: Wild Wind|Leech Seed|p2a: Garganacl\n|-immune|p2a: Garganacl\n|move|p2a: Garganacl|Salt Cure|p1a: Wild Wind\n|-damage|p1a: Wild Wind|84/100\n|\n|upkeep\n|turn|15\n|c|☆nimjaishot|so\n|c|☆nimjaishot|now what\n|\n|t:|1759274746\n|move|p1a: Wild Wind|Dire Claw|p2a: Garganacl\n|-supereffective|p2a: Garganacl\n|-damage|p2a: Garganacl|96/100\n|move|p2a: Garganacl|Earthquake|p1a: Wild Wind\n|-resisted|p1a: Wild Wind\n|-damage|p1a: Wild Wind|74/100\n|\n|-heal|p2a: Garganacl|100/100|[from] item: Leftovers\n|upkeep\n|turn|16\n|\n|t:|1759274768\n|switch|p2a: Razor Spine|Razor Spine, F|42/100\n|move|p1a: Wild Wind|U-turn|p2a: Razor Spine\n|-resisted|p2a: Razor Spine\n|-damage|p2a: Razor Spine|41/100\n|j| Arkvis\n|\n|t:|1759274803\n|-end|p1a: Wild Wind|Protosynthesis|[silent]\n|switch|p1a: Gouging Fire|Gouging Fire|100/100|[from] U-turn\n|-damage|p1a: Gouging Fire|76/100|[from] Stealth Rock\n|\n|-heal|p1a: Gouging Fire|82/100|[from] item: Leftovers\n|upkeep\n|turn|17\n|\n|t:|1759274820\n|move|p2a: Razor Spine|Earthquake|p1a: Gouging Fire\n|-supereffective|p1a: Gouging Fire\n|-damage|p1a: Gouging Fire|10/100\n|move|p1a: Gouging Fire|Heat Crash|p2a: Razor Spine\n|-supereffective|p2a: Razor Spine\n|-damage|p2a: Razor Spine|19/100\n|\n|-heal|p1a: Gouging Fire|16/100|[from] item: Leftovers\n|upkeep\n|turn|18\n|c|☆The_Shawdoin|oh im an idiot\n|c|☆The_Shawdoin|sparks why tf is heat crash 40 bp\n|c|~SparksTheNeo|razor spine heavy\n|c|☆nimjaishot|this boy heavy\n|\n|t:|1759274858\n|-end|p2a: Razor Spine|Protosynthesis|[silent]\n|switch|p2a: Iron Hands|Iron Hands|100/100\n|-enditem|p2a: Iron Hands|Booster Energy\n|-activate|p2a: Iron Hands|ability: Quark Drive|[fromitem]\n|-start|p2a: Iron Hands|quarkdriveatk\n|move|p1a: Gouging Fire|Burning Bulwark||[still]\n|-fail|p1a: Gouging Fire\n|\n|-heal|p1a: Gouging Fire|22/100|[from] item: Leftovers\n|-sideend|p2: nimjaishot|Reflect\n|upkeep\n|turn|19\n|\n|t:|1759274869\n|move|p1a: Gouging Fire|Morning Sun|p1a: Gouging Fire\n|-heal|p1a: Gouging Fire|72/100\n|move|p2a: Iron Hands|Drain Punch|p1a: Gouging Fire\n|-damage|p1a: Gouging Fire|34/100\n|\n|-heal|p1a: Gouging Fire|40/100|[from] item: Leftovers\n|upkeep\n|turn|20\n|\n|t:|1759274875\n|move|p1a: Gouging Fire|Morning Sun|p1a: Gouging Fire\n|-heal|p1a: Gouging Fire|90/100\n|move|p2a: Iron Hands|Swords Dance|p2a: Iron Hands\n|-boost|p2a: Iron Hands|atk|2\n|\n|-heal|p1a: Gouging Fire|96/100|[from] item: Leftovers\n|upkeep\n|turn|21\n|\n|t:|1759274878\n|move|p1a: Gouging Fire|Burning Bulwark|p1a: Gouging Fire\n|-singleturn|p1a: Gouging Fire|move: Protect\n|move|p2a: Iron Hands|Drain Punch|p1a: Gouging Fire\n|-activate|p1a: Gouging Fire|move: Protect\n|-status|p2a: Iron Hands|brn\n|\n|-heal|p1a: Gouging Fire|100/100|[from] item: Leftovers\n|-damage|p2a: Iron Hands|94/100 brn|[from] brn\n|upkeep\n|turn|22\n|\n|t:|1759274884\n|move|p1a: Gouging Fire|Earthquake|p2a: Iron Hands\n|-supereffective|p2a: Iron Hands\n|-damage|p2a: Iron Hands|48/100 brn\n|move|p2a: Iron Hands|Drain Punch|p1a: Gouging Fire\n|-damage|p1a: Gouging Fire|57/100\n|-heal|p2a: Iron Hands|68/100 brn|[from] drain|[of] p1a: Gouging Fire\n|\n|-heal|p1a: Gouging Fire|63/100|[from] item: Leftovers\n|-damage|p2a: Iron Hands|62/100 brn|[from] brn\n|upkeep\n|turn|23\n|\n|t:|1759274894\n|move|p1a: Gouging Fire|Earthquake|p2a: Iron Hands\n|-supereffective|p2a: Iron Hands\n|-damage|p2a: Iron Hands|12/100 brn\n|move|p2a: Iron Hands|Drain Punch|p1a: Gouging Fire\n|-damage|p1a: Gouging Fire|19/100\n|-heal|p2a: Iron Hands|32/100 brn|[from] drain|[of] p1a: Gouging Fire\n|\n|-heal|p1a: Gouging Fire|25/100|[from] item: Leftovers\n|-damage|p2a: Iron Hands|26/100 brn|[from] brn\n|upkeep\n|turn|24\n|\n|t:|1759274904\n|move|p1a: Gouging Fire|Morning Sun|p1a: Gouging Fire\n|-heal|p1a: Gouging Fire|75/100\n|move|p2a: Iron Hands|Drain Punch|p1a: Gouging Fire\n|-damage|p1a: Gouging Fire|36/100\n|-heal|p2a: Iron Hands|44/100 brn|[from] drain|[of] p1a: Gouging Fire\n|\n|-heal|p1a: Gouging Fire|42/100|[from] item: Leftovers\n|-damage|p2a: Iron Hands|38/100 brn|[from] brn\n|upkeep\n|turn|25\n|\n|t:|1759274909\n|move|p1a: Gouging Fire|Morning Sun|p1a: Gouging Fire\n|-heal|p1a: Gouging Fire|92/100\n|move|p2a: Iron Hands|Drain Punch|p1a: Gouging Fire\n|-damage|p1a: Gouging Fire|50/100\n|-heal|p2a: Iron Hands|57/100 brn|[from] drain|[of] p1a: Gouging Fire\n|\n|-heal|p1a: Gouging Fire|57/100|[from] item: Leftovers\n|-damage|p2a: Iron Hands|50/100 brn|[from] brn\n|upkeep\n|turn|26\n|\n|t:|1759274915\n|move|p1a: Gouging Fire|Burning Bulwark|p1a: Gouging Fire\n|-singleturn|p1a: Gouging Fire|move: Protect\n|move|p2a: Iron Hands|Drain Punch|p1a: Gouging Fire\n|-activate|p1a: Gouging Fire|move: Protect\n|\n|-heal|p1a: Gouging Fire|63/100|[from] item: Leftovers\n|-damage|p2a: Iron Hands|44/100 brn|[from] brn\n|upkeep\n|turn|27\n|\n|t:|1759274923\n|move|p1a: Gouging Fire|Earthquake|p2a: Iron Hands\n|-supereffective|p2a: Iron Hands\n|-damage|p2a: Iron Hands|0 fnt\n|faint|p2a: Iron Hands\n|-end|p2a: Iron Hands|Quark Drive|[silent]\n|\n|-heal|p1a: Gouging Fire|69/100|[from] item: Leftovers\n|upkeep\n|\n|t:|1759274925\n|switch|p2a: Garganacl|Garganacl, F, tera:Grass|100/100\n|turn|28\n|\n|t:|1759274944\n|move|p1a: Gouging Fire|Burning Bulwark|p1a: Gouging Fire\n|-singleturn|p1a: Gouging Fire|move: Protect\n|move|p2a: Garganacl|Salt Cure|p1a: Gouging Fire\n|-activate|p1a: Gouging Fire|move: Protect\n|\n|-heal|p1a: Gouging Fire|75/100|[from] item: Leftovers\n|upkeep\n|turn|29\n|\n|t:|1759274953\n|switch|p2a: Razor Spine|Razor Spine, F|19/100\n|move|p1a: Gouging Fire|Heat Crash|p2a: Razor Spine\n|-supereffective|p2a: Razor Spine\n|-damage|p2a: Razor Spine|0 fnt\n|faint|p2a: Razor Spine\n|-end|p2a: Razor Spine|Protosynthesis|[silent]\n|\n|-heal|p1a: Gouging Fire|81/100|[from] item: Leftovers\n|upkeep\n|c|☆nimjaishot|cant lie\n|c|☆nimjaishot|thought you wouldnt want chip\n|c|☆The_Shawdoin|this guy killed the 1 mon I needed it too\n|c|☆The_Shawdoin|hands\n|\n|t:|1759274987\n|switch|p2a: Garganacl|Garganacl, F, tera:Grass|100/100\n|turn|30\n|\n|t:|1759274994\n|move|p1a: Gouging Fire|Heat Crash|p2a: Garganacl\n|-supereffective|p2a: Garganacl\n|-damage|p2a: Garganacl|67/100\n|move|p2a: Garganacl|Salt Cure|p1a: Gouging Fire\n|-supereffective|p1a: Gouging Fire\n|-damage|p1a: Gouging Fire|59/100\n|-start|p1a: Gouging Fire|Salt Cure\n|\n|-heal|p1a: Gouging Fire|65/100|[from] item: Leftovers\n|-heal|p2a: Garganacl|74/100|[from] item: Leftovers\n|-damage|p1a: Gouging Fire|53/100|[from] Salt Cure\n|upkeep\n|turn|31\n|\n|t:|1759275001\n|move|p1a: Gouging Fire|Heat Crash|p2a: Garganacl\n|-supereffective|p2a: Garganacl\n|-damage|p2a: Garganacl|40/100\n|move|p2a: Garganacl|Recover|p2a: Garganacl\n|-heal|p2a: Garganacl|90/100\n|\n|-heal|p1a: Gouging Fire|59/100|[from] item: Leftovers\n|-heal|p2a: Garganacl|97/100|[from] item: Leftovers\n|-damage|p1a: Gouging Fire|46/100|[from] Salt Cure\n|upkeep\n|turn|32\n|\n|t:|1759275009\n|move|p1a: Gouging Fire|Morning Sun|p1a: Gouging Fire\n|-heal|p1a: Gouging Fire|96/100\n|move|p2a: Garganacl|Earthquake|p1a: Gouging Fire\n|-supereffective|p1a: Gouging Fire\n|-damage|p1a: Gouging Fire|62/100\n|\n|-heal|p1a: Gouging Fire|68/100|[from] item: Leftovers\n|-heal|p2a: Garganacl|100/100|[from] item: Leftovers\n|-damage|p1a: Gouging Fire|55/100|[from] Salt Cure\n|upkeep\n|turn|33\n|\n|t:|1759275032\n|-end|p1a: Gouging Fire|Protosynthesis|[silent]\n|switch|p1a: Wild Wind|Wild Wind, F|74/100\n|-damage|p1a: Wild Wind|61/100|[from] Stealth Rock\n|switch|p2a: Enamorus|Enamorus, F|85/100 slp\n|\n|upkeep\n|turn|34\n|\n|t:|1759275042\n|cant|p2a: Enamorus|slp\n|move|p1a: Wild Wind|Dire Claw|p2a: Enamorus\n|-supereffective|p2a: Enamorus\n|-damage|p2a: Enamorus|36/100 slp\n|\n|upkeep\n|turn|35\n|\n|t:|1759275048\n|cant|p2a: Enamorus|slp\n|move|p1a: Wild Wind|Dire Claw|p2a: Enamorus\n|-supereffective|p2a: Enamorus\n|-damage|p2a: Enamorus|0 fnt\n|faint|p2a: Enamorus\n|\n|upkeep\n|\n|t:|1759275051\n|switch|p2a: Queendra|Queendra, F|100/100\n|turn|36\n|\n|t:|1759275066\n|detailschange|p2a: Queendra|Queendra-Mega, F\n|-mega|p2a: Queendra|Queendra|Queendrite\n|-terastallize|p1a: Wild Wind|Normal\n|move|p2a: Queendra|Freeze-Dry|p1a: Wild Wind\n|-crit|p1a: Wild Wind\n|-damage|p1a: Wild Wind|29/100\n|move|p1a: Wild Wind|Dire Claw|p2a: Queendra\n|-damage|p2a: Queendra|82/100\n|-status|p2a: Queendra|psn\n|\n|-damage|p2a: Queendra|70/100 psn|[from] psn\n|upkeep\n|turn|37\n|c| Arkvis|I can't believe it has direclaw\n|c| Arkvis|why did it need it\n|c|☆The_Shawdoin|:3\n|\n|t:|1759275091\n|move|p2a: Queendra|Freeze-Dry|p1a: Wild Wind\n|-damage|p1a: Wild Wind|5/100\n|move|p1a: Wild Wind|Leech Seed|p2a: Queendra\n|-start|p2a: Queendra|move: Leech Seed\n|\n|-damage|p2a: Queendra|58/100 psn|[from] Leech Seed|[of] p1a: Wild Wind\n|-heal|p1a: Wild Wind|12/100|[silent]\n|-damage|p2a: Queendra|46/100 psn|[from] psn\n|upkeep\n|turn|38\n|\n|t:|1759275110\n|-end|p1a: Wild Wind|Protosynthesis|[silent]\n|switch|p1a: Iron Saw|Iron Saw, F|100/100\n|-damage|p1a: Iron Saw|94/100|[from] Stealth Rock\n|-enditem|p1a: Iron Saw|Booster Energy\n|-activate|p1a: Iron Saw|ability: Quark Drive|[fromitem]\n|-start|p1a: Iron Saw|quarkdrivespe\n|move|p2a: Queendra|Dragon Pulse|p1a: Iron Saw\n|-resisted|p1a: Iron Saw\n|-damage|p1a: Iron Saw|66/100\n|\n|-damage|p2a: Queendra|33/100 psn|[from] Leech Seed|[of] p1a: Iron Saw\n|-heal|p1a: Iron Saw|76/100|[silent]\n|-damage|p2a: Queendra|21/100 psn|[from] psn\n|upkeep\n|turn|39\n|c|☆nimjaishot|its bo1 right\n|c|~SparksTheNeo|yur\n|\n|t:|1759275140\n|switch|p2a: Garganacl|Garganacl, F, tera:Grass|100/100\n|move|p1a: Iron Saw|Swords Dance|p1a: Iron Saw\n|-boost|p1a: Iron Saw|atk|2\n|\n|upkeep\n|turn|40\n|\n|t:|1759275147\n|move|p1a: Iron Saw|Iron Head|p2a: Garganacl\n|-damage|p2a: Garganacl|59/100\n|cant|p2a: Garganacl|flinch\n|\n|-heal|p2a: Garganacl|65/100|[from] item: Leftovers\n|upkeep\n|turn|41\n|\n|t:|1759275151\n|move|p1a: Iron Saw|Iron Head|p2a: Garganacl\n|-damage|p2a: Garganacl|29/100\n|move|p2a: Garganacl|Earthquake|p1a: Iron Saw\n|-supereffective|p1a: Iron Saw\n|-damage|p1a: Iron Saw|0 fnt\n|faint|p1a: Iron Saw\n|-end|p1a: Iron Saw|Quark Drive|[silent]\n|\n|-heal|p2a: Garganacl|35/100|[from] item: Leftovers\n|upkeep\n|\n|t:|1759275164\n|switch|p1a: Zapdos|Zapdos|100/100\n|-ability|p1a: Zapdos|Pressure\n|turn|42\n|\n|t:|1759275173\n|move|p1a: Zapdos|Heat Wave|p2a: Garganacl\n|-supereffective|p2a: Garganacl\n|-damage|p2a: Garganacl|0 fnt\n|faint|p2a: Garganacl\n|\n|upkeep\n|\n|t:|1759275176\n|switch|p2a: Queendra|Queendra-Mega, F|21/100 psn\n|turn|43\n|\n|t:|1759275184\n|switch|p1a: Terapagos|Terapagos, M|100/100\n|-activate|p1a: Terapagos|ability: Tera Shift\n|detailschange|p1a: Terapagos|Terapagos-Terastal, M\n|-heal|p1a: Terapagos|100/100|[silent]\n|-damage|p1a: Terapagos|88/100|[from] Stealth Rock\n|move|p2a: Queendra|Freeze-Dry|p1a: Terapagos\n|-damage|p1a: Terapagos|52/100\n|\n|-damage|p2a: Queendra|9/100 psn|[from] psn\n|upkeep\n|turn|44\n|c|☆nimjaishot|man \n|c|☆nimjaishot|falling asleep with enam really sucked\n|\n|t:|1759275196\n|move|p2a: Queendra|Freeze-Dry|p1a: Terapagos\n|-damage|p1a: Terapagos|20/100\n|move|p1a: Terapagos|Rest|p1a: Terapagos\n|-status|p1a: Terapagos|slp|[from] move: Rest\n|-heal|p1a: Terapagos|100/100 slp|[silent]\n|-enditem|p1a: Terapagos|Chesto Berry|[eat]\n|-curestatus|p1a: Terapagos|slp|[msg]\n|\n|-damage|p2a: Queendra|0 fnt|[from] psn\n|faint|p2a: Queendra\n|detailschange|p2: Queendra|Queendra, F|[silent]\n|\n|win|The_Shawdoin\n|c|☆The_Shawdoin|gg\n|c|☆nimjaishot|gg\n|l|☆nimjaishot\n|player|p2|\n","players":["The_Shawdoin","nimjaishot"],"format":"[Gen 9] NatDex Draft","rating":null,"private":0,"password":null,"inputlog":">version db81bfd847a66319e0c3117831e2a72a6d4f7423\n>start {\"formatid\":\"gen9natdexdraft@@@Tera Type Preview\",\"seed\":\"sodium,2477f71e10154dcd5753d9febebe30d8\"}\n>player p1 {\"name\":\"The_Shawdoin\",\"avatar\":\"170\",\"team\":\"Wild Wind||CovertCloak|Protosynthesis|LeechSeed,DireClaw,FoulPlay,Uturn|Jolly|184,,,,252,72|F||||,,,,,Normal]Iron Saw||BoosterEnergy|QuarkDrive|SwordsDance,CloseCombat,WildCharge,IronHead|Jolly|104,252,,,,152|F||||,,,,,Electric]Drifblim-Hell||DrifblimiteHell|WaterAbsorb|StrengthSap,Scald,DazzlingGleam,CalmMind|Sassy|252,,,4,252,|M|,0,,,,|||,,,,,Water]Gouging Fire||Leftovers|Protosynthesis|MorningSun,HeatCrash,Earthquake,BurningBulwark|Adamant|252,252,,,4,|N||||,Fighting,,,,Fire]Terapagos||ChestoBerry|TeraShift|RapidSpin,EarthPower,TeraStarstorm,Rest|Timid|40,,,252,,216|M||||,Dark,,,,Stellar]Zapdos||HeavyDutyBoots|Pressure|HiddenPowerGrass,Thunderbolt,HeatWave,Roost|Modest|248,,,252,8,|N|,0,,,,|||,Grass,,,,Electric\",\"rating\":0}\n>player p2 {\"name\":\"nimjaishot\",\"avatar\":\"170\",\"team\":\"Garganacl||Leftovers|PurifyingSalt|StealthRock,Recover,SaltCure,Earthquake|Impish|252,4,252,,,|F||||,,,,,Grass]Razor Spine||ChoiceBand|Protosynthesis|Earthquake,CloseCombat,IronHead,RockSlide|Jolly|,252,,,4,252|F||||,,,,,Steel]Iron Hands||BoosterEnergy|QuarkDrive|SwordsDance,DrainPunch,ThunderPunch,IcePunch|Adamant|,252,,,172,84|N||||,,,,,Electric]Morgrem||LightClay|Prankster|Reflect,LightScreen,PartingShot,Taunt|Bold|252,,252,,4,|M||||,,,,,Dark]Queendra||Queendrite|ClearBody|NastyPlot,DragonPulse,FreezeDry,Scald|Timid|,,,252,4,252|F|,0,,,,|||,,,,,Ice]Enamorus||ChoiceScarf|Contrary|TeraBlast,Moonblast,EarthPower,Psychic|Timid|,,,252,4,252|F||||,,,,,Stellar\",\"rating\":0}\n>chat ☆The_Shawdoin|gl hf\n>chat ☆nimjaishot|gl hf\n>p1 team 1, 2, 3, 4, 5, 6\n>p2 team 4, 2, 3, 1, 5, 6\n>p1 move direclaw\n>p2 move taunt\n>p1 move direclaw\n>p2 move reflect\n>p1 move uturn\n>p2 move lightscreen\n>p1 switch 3\n>p1 move calmmind mega\n>p2 move partingshot\n>p2 switch 4\n>p1 switch 3\n>p2 move saltcure\n>p1 move direclaw\n>p2 move stealthrock\n>p1 move leechseed\n>p2 switch 2\n>p1 move foulplay\n>p2 move rockslide\n>p1 move foulplay\n>p2 switch 2\n>chat ☆The_Shawdoin|this sets fun :3\n>p1 move leechseed\n>p2 switch 4\n>p1 move foulplay\n>p2 move reflect\n>p1 move direclaw\n>p2 move partingshot\n>p2 switch 6\n>chat ~SparksTheNeo|i have no idea why i was thinking shaw was on the other side\n>chat ~SparksTheNeo|just saw morgrem\n>chat ☆nimjaishot|...\n>chat ~SparksTheNeo|and thought it was shaw\n>p1 move leechseed\n>p2 switch 6\n>chat ☆The_Shawdoin|Ive drafted that mon 6 times so fair\n>p2 switch 4\n>p1 move leechseed\n>p2 move saltcure terastallize\n>chat ☆nimjaishot|so\n>chat ☆nimjaishot|now what\n>p1 move direclaw\n>p2 move earthquake\n>p1 move uturn\n>p2 switch 2\n>p1 switch 4\n>p1 move heatcrash\n>p2 move earthquake\n>chat ☆The_Shawdoin|oh im an idiot\n>chat ☆The_Shawdoin|sparks why tf is heat crash 40 bp\n>chat ~SparksTheNeo|razor spine heavy\n>chat ☆nimjaishot|this boy heavy\n>p1 move burningbulwark\n>p2 switch 3\n>p1 move morningsun\n>p2 move drainpunch\n>p1 move morningsun\n>p2 move swordsdance\n>p1 move burningbulwark\n>p2 move drainpunch\n>p1 move earthquake\n>p2 move drainpunch\n>p1 move earthquake\n>p2 move drainpunch\n>p1 move morningsun\n>p2 move drainpunch\n>p1 move morningsun\n>p2 move drainpunch\n>p1 move burningbulwark\n>p2 move drainpunch\n>p1 move earthquake\n>p2 move drainpunch\n>p2 switch 2\n>p1 move burningbulwark\n>p2 move saltcure\n>p1 move heatcrash\n>p2 switch 3\n>chat ☆nimjaishot|cant lie\n>chat ☆nimjaishot|thought you wouldnt want chip\n>chat ☆The_Shawdoin|this guy killed the 1 mon I needed it too\n>chat ☆The_Shawdoin|hands\n>p2 switch 3\n>p1 move heatcrash\n>p2 move saltcure\n>p1 move heatcrash\n>p2 move recover\n>p1 move morningsun\n>p2 move earthquake\n>p1 switch 4\n>p2 switch 6\n>p1 move direclaw\n>p2 move moonblast\n>p1 move direclaw\n>p2 move moonblast\n>p2 switch 5\n>p1 move direclaw terastallize\n>p2 move freezedry mega\n>chat  Arkvis|I can't believe it has direclaw\n>chat  Arkvis|why did it need it\n>chat ☆The_Shawdoin|:3\n>p1 move leechseed\n>p2 move freezedry\n>p1 switch 2\n>p2 move dragonpulse\n>chat ☆nimjaishot|its bo1 right\n>chat ~SparksTheNeo|yur\n>p1 move swordsdance\n>p2 switch 6\n>p1 move ironhead\n>p2 move earthquake\n>p1 move ironhead\n>p2 move earthquake\n>p1 switch 6\n>p1 move heatwave\n>p2 move saltcure\n>p2 switch 6\n>p1 switch 5\n>p2 move freezedry\n>chat ☆nimjaishot|man \n>chat ☆nimjaishot|falling asleep with enam really sucked\n>p1 move rest\n>p2 move freezedry","uploadtime":1759275213}