{"id":"gen9natdexdraft-92","log":"|j|☆Ark64\n|j|☆GooseFragger\n|t:|1760807767\n|gametype|singles\n|player|p1|Ark64|102|\n|player|p2|GooseFragger|101|\n|gen|9\n|tier|[Gen 9] NatDex Draft\n|rule|Tera Type Preview: Tera Types are shown at Team Preview\n|rule|Sleep Clause Mod: Limit one foe put to sleep\n|rule|OHKO Clause: OHKO moves are banned\n|rule|Evasion Clause: Evasion abilities, items, and moves are banned\n|rule|Evasion Abilities Clause: Evasion abilities are banned\n|rule|Evasion Items Clause: Evasion items are banned\n|rule|Evasion Moves Clause: Evasion moves are banned\n|rule|Endless Battle Clause: Forcing endless battles is banned\n|rule|HP Percentage Mod: HP is shown in percentages\n|raw|<div class=\"infobox\"><details class=\"readmore\" open><summary><strong>1 custom rule:</strong></summary> Tera Type Preview</details></div>\n|clearpoke\n|poke|p1|Tapu Koko|\n|poke|p1|Grimmsnarl, M|\n|poke|p1|Iron Bundle|\n|poke|p1|Runerigus, M|\n|poke|p1|Iron Treads|\n|poke|p1|Iron Jugulis|\n|poke|p2|Lugaya, M|\n|poke|p2|Gardevoir-Hell, M|\n|poke|p2|Chansey, F|\n|poke|p2|Tangrowth, M|\n|poke|p2|Kabuyeti-Climb, F|\n|poke|p2|Gloomhorn, F|\n|raw|Ark64's Tera Types:<br /><psicon pokemon=\"tapukoko\" /><psicon type=\"Grass\" /> / <psicon pokemon=\"grimmsnarl\" /><psicon type=\"Dark\" /> / <psicon pokemon=\"ironbundle\" /><psicon type=\"Ice\" /> / <psicon pokemon=\"runerigus\" /><psicon type=\"Ground\" /> / <psicon pokemon=\"irontreads\" /><psicon type=\"Ground\" /> / <psicon pokemon=\"ironjugulis\" /><psicon type=\"Dark\" />\n|raw|GooseFragger's Tera Types:<br /><psicon pokemon=\"lugaya\" /><psicon type=\"Electric\" /> / <psicon pokemon=\"gardevoirhell\" /><psicon type=\"Fairy\" /> / <psicon pokemon=\"chansey\" /><psicon type=\"Normal\" /> / <psicon pokemon=\"tangrowth\" /><psicon type=\"Grass\" /> / <psicon pokemon=\"kabuyeticlimb\" /><psicon type=\"Ice\" /> / <psicon pokemon=\"gloomhorn\" /><psicon type=\"Dark\" />\n|teampreview\n|\n|t:|1760807795\n|teamsize|p1|6\n|teamsize|p2|6\n|start\n|switch|p1a: Grimmsnarl|Grimmsnarl, M|100/100\n|switch|p2a: Kabuyeti-Climb|Kabuyeti-Climb, F|100/100\n|-ability|p2a: Kabuyeti-Climb|Mold Breaker\n|turn|1\n|\n|t:|1760807810\n|move|p1a: Grimmsnarl|Reflect|p1a: Grimmsnarl\n|-sidestart|p1: Ark64|Reflect\n|move|p2a: Kabuyeti-Climb|U-turn|p1a: Grimmsnarl\n|-damage|p1a: Grimmsnarl|84/100\n|\n|t:|1760807815\n|switch|p2a: Lugaya|Lugaya, M|100/100|[from] U-turn\n|\n|upkeep\n|turn|2\n|\n|t:|1760807819\n|-terastallize|p2a: Lugaya|Electric\n|move|p1a: Grimmsnarl|Parting Shot|p2a: Lugaya\n|-unboost|p2a: Lugaya|atk|1\n|-unboost|p2a: Lugaya|spa|1\n|\n|t:|1760807824\n|switch|p1a: Runerigus|Runerigus, M|100/100|[from] Parting Shot\n|move|p2a: Lugaya|Defog|p1a: Runerigus\n|-unboost|p1a: Runerigus|evasion|1\n|-sideend|p1: Ark64|Reflect\n|\n|upkeep\n|turn|3\n|\n|t:|1760807869\n|switch|p2a: Tangrowth|Tangrowth, M|100/100\n|detailschange|p1a: Runerigus|Runerigus-Mega, M\n|-mega|p1a: Runerigus|Runerigus|Runerigusite\n|-ability|p1a: Runerigus|Tablets of Ruin\n|move|p1a: Runerigus|Body Press|p2a: Tangrowth\n|-damage|p2a: Tangrowth|80/100\n|-damage|p1a: Runerigus|84/100|[from] item: Rocky Helmet|[of] p2a: Tangrowth\n|\n|upkeep\n|turn|4\n|\n|t:|1760807883\n|switch|p1a: Iron Jugulis|Iron Jugulis|100/100\n|move|p2a: Tangrowth|Toxic|p1a: Iron Jugulis\n|-status|p1a: Iron Jugulis|tox\n|\n|-damage|p1a: Iron Jugulis|94/100 tox|[from] psn\n|upkeep\n|turn|5\n|\n|t:|1760807895\n|switch|p2a: Chansey|Chansey, F|100/100\n|move|p1a: Iron Jugulis|U-turn|p2a: Chansey\n|-damage|p2a: Chansey|80/100\n|\n|t:|1760807901\n|-end|p1a: Iron Jugulis|Quark Drive|[silent]\n|switch|p1a: Runerigus|Runerigus-Mega, M|84/100|[from] U-turn\n|-ability|p1a: Runerigus|Tablets of Ruin\n|\n|upkeep\n|turn|6\n|\n|t:|1760807906\n|switch|p2a: Tangrowth|Tangrowth, M|100/100\n|move|p1a: Runerigus|Stealth Rock|p2a: Tangrowth\n|-sidestart|p2: GooseFragger|move: Stealth Rock\n|\n|upkeep\n|turn|7\n|\n|t:|1760807911\n|switch|p1a: Iron Treads|Iron Treads|100/100\n|move|p2a: Tangrowth|Giga Drain|p1a: Iron Treads\n|-damage|p1a: Iron Treads|62/100\n|\n|upkeep\n|turn|8\n|\n|t:|1760807918\n|move|p1a: Iron Treads|Volt Switch|p2a: Tangrowth\n|-resisted|p2a: Tangrowth\n|-damage|p2a: Tangrowth|91/100\n|\n|t:|1760807920\n|-end|p1a: Iron Treads|Quark Drive|[silent]\n|switch|p1a: Iron Jugulis|Iron Jugulis|94/100 tox|[from] Volt Switch\n|move|p2a: Tangrowth|Giga Drain|p1a: Iron Jugulis\n|-resisted|p1a: Iron Jugulis\n|-damage|p1a: Iron Jugulis|77/100 tox\n|-heal|p2a: Tangrowth|98/100|[from] drain|[of] p1a: Iron Jugulis\n|\n|-damage|p1a: Iron Jugulis|71/100 tox|[from] psn\n|upkeep\n|turn|9\n|\n|t:|1760807929\n|switch|p2a: Chansey|Chansey, F|80/100\n|-damage|p2a: Chansey|67/100|[from] Stealth Rock\n|move|p1a: Iron Jugulis|Hurricane|p2a: Chansey\n|-damage|p2a: Chansey|50/100\n|\n|-damage|p1a: Iron Jugulis|59/100 tox|[from] psn\n|upkeep\n|turn|10\n|\n|t:|1760807939\n|-end|p1a: Iron Jugulis|Quark Drive|[silent]\n|switch|p1a: Grimmsnarl|Grimmsnarl, M|84/100\n|move|p2a: Chansey|Wish|p2a: Chansey\n|\n|upkeep\n|turn|11\n|\n|t:|1760807947\n|move|p1a: Grimmsnarl|Reflect|p1a: Grimmsnarl\n|-sidestart|p1: Ark64|Reflect\n|move|p2a: Chansey|Toxic|p1a: Grimmsnarl\n|-status|p1a: Grimmsnarl|tox\n|\n|-heal|p2a: Chansey|99/100|[from] move: Wish|[wisher] Chansey\n|-damage|p1a: Grimmsnarl|78/100 tox|[from] psn\n|upkeep\n|turn|12\n|\n|t:|1760807971\n|switch|p1a: Iron Treads|Iron Treads|62/100\n|switch|p2a: Lugaya|Lugaya, M, tera:Electric|100/100\n|\n|upkeep\n|turn|13\n|\n|t:|1760807980\n|switch|p2a: Tangrowth|Tangrowth, M|100/100\n|-damage|p2a: Tangrowth|88/100|[from] Stealth Rock\n|move|p1a: Iron Treads|Knock Off|p2a: Tangrowth\n|-damage|p2a: Tangrowth|74/100\n|-damage|p1a: Iron Treads|46/100|[from] item: Rocky Helmet|[of] p2a: Tangrowth\n|-enditem|p2a: Tangrowth|Rocky Helmet|[from] move: Knock Off|[of] p1a: Iron Treads\n|\n|upkeep\n|turn|14\n|\n|t:|1760808000\n|-end|p1a: Iron Treads|Quark Drive|[silent]\n|switch|p1a: Grimmsnarl|Grimmsnarl, M|78/100 tox\n|move|p2a: Tangrowth|Giga Drain|p1a: Grimmsnarl\n|-damage|p1a: Grimmsnarl|53/100 tox\n|-heal|p2a: Tangrowth|86/100|[from] drain|[of] p1a: Grimmsnarl\n|\n|-damage|p1a: Grimmsnarl|47/100 tox|[from] psn\n|upkeep\n|turn|15\n|\n|t:|1760808009\n|move|p1a: Grimmsnarl|Light Screen|p1a: Grimmsnarl\n|-sidestart|p1: Ark64|move: Light Screen\n|move|p2a: Tangrowth|Giga Drain|p1a: Grimmsnarl\n|-damage|p1a: Grimmsnarl|35/100 tox\n|-heal|p2a: Tangrowth|92/100|[from] drain|[of] p1a: Grimmsnarl\n|\n|-damage|p1a: Grimmsnarl|23/100 tox|[from] psn\n|upkeep\n|turn|16\n|\n|t:|1760808017\n|switch|p2a: Lugaya|Lugaya, M, tera:Electric|100/100\n|move|p1a: Grimmsnarl|Parting Shot|p2a: Lugaya\n|-unboost|p2a: Lugaya|atk|1\n|-unboost|p2a: Lugaya|spa|1\n|\n|t:|1760808019\n|switch|p1a: Tapu Koko|Tapu Koko|100/100|[from] Parting Shot\n|-fieldstart|move: Electric Terrain|[from] ability: Electric Surge|[of] p1a: Tapu Koko\n|\n|upkeep\n|turn|17\n|\n|t:|1760808026\n|move|p1a: Tapu Koko|Dazzling Gleam|p2a: Lugaya\n|-damage|p2a: Lugaya|88/100\n|move|p2a: Lugaya|Defog|p1a: Tapu Koko\n|-unboost|p1a: Tapu Koko|evasion|1\n|-sideend|p1: Ark64|Reflect\n|-sideend|p1: Ark64|move: Light Screen\n|-sideend|p2: GooseFragger|Stealth Rock|[from] move: Defog|[of] p2a: Lugaya\n|-fieldend|move: Electric Terrain\n|\n|upkeep\n|turn|18\n|\n|t:|1760808038\n|switch|p1a: Runerigus|Runerigus-Mega, M|84/100\n|-ability|p1a: Runerigus|Tablets of Ruin\n|switch|p2a: Gardevoir-Hell|Gardevoir-Hell, M|100/100\n|-ability|p2a: Gardevoir-Hell|Petrifying Gaze|boost\n|-unboost|p1a: Runerigus|spe|1\n|\n|upkeep\n|turn|19\n|\n|t:|1760808050\n|move|p2a: Gardevoir-Hell|Giga Drain|p1a: Runerigus\n|-supereffective|p1a: Runerigus\n|-damage|p1a: Runerigus|37/100\n|move|p1a: Runerigus|Poltergeist|p2a: Gardevoir-Hell\n|-activate|p2a: Gardevoir-Hell|move: Poltergeist|Leftovers\n|-damage|p2a: Gardevoir-Hell|33/100\n|\n|-heal|p2a: Gardevoir-Hell|39/100|[from] item: Leftovers\n|upkeep\n|turn|20\n|\n|t:|1760808058\n|switch|p1a: Iron Jugulis|Iron Jugulis|59/100 tox\n|move|p2a: Gardevoir-Hell|Giga Drain|p1a: Iron Jugulis\n|-resisted|p1a: Iron Jugulis\n|-damage|p1a: Iron Jugulis|43/100 tox\n|-heal|p2a: Gardevoir-Hell|48/100|[from] drain|[of] p1a: Iron Jugulis\n|\n|-heal|p2a: Gardevoir-Hell|54/100|[from] item: Leftovers\n|-damage|p1a: Iron Jugulis|37/100 tox|[from] psn\n|upkeep\n|turn|21\n|\n|t:|1760808064\n|switch|p2a: Chansey|Chansey, F|99/100\n|move|p1a: Iron Jugulis|U-turn|p2a: Chansey\n|-damage|p2a: Chansey|81/100\n|\n|t:|1760808069\n|-end|p1a: Iron Jugulis|Quark Drive|[silent]\n|switch|p1a: Iron Treads|Iron Treads|46/100|[from] U-turn\n|\n|upkeep\n|turn|22\n|\n|t:|1760808075\n|switch|p2a: Tangrowth|Tangrowth, M|100/100\n|move|p1a: Iron Treads|Earthquake|p2a: Tangrowth\n|-resisted|p2a: Tangrowth\n|-damage|p2a: Tangrowth|91/100\n|\n|upkeep\n|turn|23\n|\n|t:|1760808080\n|-end|p1a: Iron Treads|Quark Drive|[silent]\n|switch|p1a: Grimmsnarl|Grimmsnarl, M|23/100 tox\n|move|p2a: Tangrowth|Giga Drain|p1a: Grimmsnarl\n|-damage|p1a: Grimmsnarl|0 fnt\n|-heal|p2a: Tangrowth|100/100|[from] drain|[of] p1a: Grimmsnarl\n|faint|p1a: Grimmsnarl\n|\n|upkeep\n|\n|t:|1760808084\n|switch|p1a: Iron Bundle|Iron Bundle|100/100\n|turn|24\n|\n|t:|1760808089\n|switch|p2a: Chansey|Chansey, F|81/100\n|move|p1a: Iron Bundle|Ice Beam|p2a: Chansey\n|-damage|p2a: Chansey|70/100\n|\n|upkeep\n|turn|25\n|\n|t:|1760808095\n|move|p1a: Iron Bundle|U-turn|p2a: Chansey\n|-damage|p2a: Chansey|50/100\n|\n|t:|1760808100\n|-end|p1a: Iron Bundle|Quark Drive|[silent]\n|switch|p1a: Iron Treads|Iron Treads|46/100|[from] U-turn\n|move|p2a: Chansey|Toxic|p1a: Iron Treads\n|-immune|p1a: Iron Treads\n|\n|upkeep\n|turn|26\n|\n|t:|1760808106\n|switch|p2a: Tangrowth|Tangrowth, M|100/100\n|move|p1a: Iron Treads|Knock Off|p2a: Tangrowth\n|-damage|p2a: Tangrowth|92/100\n|\n|upkeep\n|turn|27\n|\n|t:|1760808113\n|-end|p1a: Iron Treads|Quark Drive|[silent]\n|switch|p1a: Iron Jugulis|Iron Jugulis|37/100 tox\n|move|p2a: Tangrowth|Giga Drain|p1a: Iron Jugulis\n|-resisted|p1a: Iron Jugulis\n|-damage|p1a: Iron Jugulis|20/100 tox\n|-heal|p2a: Tangrowth|99/100|[from] drain|[of] p1a: Iron Jugulis\n|\n|-damage|p1a: Iron Jugulis|14/100 tox|[from] psn\n|upkeep\n|turn|28\n|\n|t:|1760808117\n|switch|p2a: Chansey|Chansey, F|50/100\n|move|p1a: Iron Jugulis|U-turn|p2a: Chansey\n|-damage|p2a: Chansey|32/100\n|\n|t:|1760808127\n|-end|p1a: Iron Jugulis|Quark Drive|[silent]\n|switch|p1a: Runerigus|Runerigus-Mega, M|37/100|[from] U-turn\n|-ability|p1a: Runerigus|Tablets of Ruin\n|\n|upkeep\n|turn|29\n|\n|t:|1760808134\n|move|p1a: Runerigus|Body Press|p2a: Chansey\n|-supereffective|p2a: Chansey\n|-damage|p2a: Chansey|0 fnt\n|faint|p2a: Chansey\n|\n|upkeep\n|\n|t:|1760808139\n|switch|p2a: Kabuyeti-Climb|Kabuyeti-Climb, F|100/100\n|-ability|p2a: Kabuyeti-Climb|Mold Breaker\n|turn|30\n|\n|t:|1760808147\n|move|p2a: Kabuyeti-Climb|Flare Blitz|p1a: Runerigus\n|-damage|p1a: Runerigus|1/100\n|-damage|p2a: Kabuyeti-Climb|88/100|[from] Recoil\n|move|p1a: Runerigus|Body Press|p2a: Kabuyeti-Climb\n|-supereffective|p2a: Kabuyeti-Climb\n|-damage|p2a: Kabuyeti-Climb|0 fnt\n|faint|p2a: Kabuyeti-Climb\n|\n|upkeep\n|\n|t:|1760808184\n|switch|p2a: Tangrowth|Tangrowth, M|100/100\n|turn|31\n|j|~SparksTheNeo\n|\n|t:|1760808196\n|move|p1a: Runerigus|Will-O-Wisp|p2a: Tangrowth\n|-status|p2a: Tangrowth|brn\n|move|p2a: Tangrowth|Giga Drain|p1a: Runerigus\n|-supereffective|p1a: Runerigus\n|-damage|p1a: Runerigus|0 fnt\n|faint|p1a: Runerigus\n|detailschange|p1: Runerigus|Runerigus, M|[silent]\n|\n|-damage|p2a: Tangrowth|94/100 brn|[from] brn\n|upkeep\n|\n|t:|1760808202\n|switch|p1a: Iron Bundle|Iron Bundle|100/100\n|turn|32\n|\n|t:|1760808213\n|switch|p2a: Lugaya|Lugaya, M, tera:Electric|88/100\n|move|p1a: Iron Bundle|Ice Beam|p2a: Lugaya\n|-damage|p2a: Lugaya|62/100\n|\n|upkeep\n|turn|33\n|\n|t:|1760808219\n|move|p1a: Iron Bundle|Hydro Pump|p2a: Lugaya\n|-damage|p2a: Lugaya|31/100\n|move|p2a: Lugaya|Roost|p2a: Lugaya\n|-heal|p2a: Lugaya|81/100\n|\n|upkeep\n|turn|34\n|\n|t:|1760808225\n|move|p1a: Iron Bundle|Hydro Pump|p2a: Lugaya\n|-damage|p2a: Lugaya|51/100\n|move|p2a: Lugaya|Psycho Boost|p1a: Iron Bundle\n|-crit|p1a: Iron Bundle\n|-damage|p1a: Iron Bundle|16/100\n|-unboost|p2a: Lugaya|spa|2\n|\n|upkeep\n|turn|35\n|\n|t:|1760808231\n|move|p1a: Iron Bundle|Hydro Pump|p2a: Lugaya|[miss]\n|-miss|p1a: Iron Bundle|p2a: Lugaya\n|move|p2a: Lugaya|Roost|p2a: Lugaya\n|-heal|p2a: Lugaya|100/100\n|\n|upkeep\n|turn|36\n|\n|t:|1760808235\n|move|p1a: Iron Bundle|Hydro Pump|p2a: Lugaya\n|-damage|p2a: Lugaya|87/100\n|move|p2a: Lugaya|Tera Blast|p1a: Iron Bundle|[anim] Tera Blast Electric\n|-supereffective|p1a: Iron Bundle\n|-damage|p1a: Iron Bundle|0 fnt\n|faint|p1a: Iron Bundle\n|-end|p1a: Iron Bundle|Quark Drive|[silent]\n|\n|upkeep\n|c|~SparksTheNeo|damn lugia got psycho boost?\n|\n|t:|1760808238\n|switch|p1a: Iron Treads|Iron Treads|46/100\n|turn|37\n|\n|t:|1760808241\n|switch|p2a: Tangrowth|Tangrowth, M|100/100 brn\n|move|p1a: Iron Treads|Earthquake|p2a: Tangrowth\n|-resisted|p2a: Tangrowth\n|-damage|p2a: Tangrowth|91/100 brn\n|\n|-damage|p2a: Tangrowth|85/100 brn|[from] brn\n|upkeep\n|turn|38\n|\n|t:|1760808247\n|-end|p1a: Iron Treads|Quark Drive|[silent]\n|switch|p1a: Tapu Koko|Tapu Koko|100/100\n|-fieldstart|move: Electric Terrain|[from] ability: Electric Surge|[of] p1a: Tapu Koko\n|move|p2a: Tangrowth|Giga Drain|p1a: Tapu Koko\n|-damage|p1a: Tapu Koko|64/100\n|-heal|p2a: Tangrowth|99/100 brn|[from] drain|[of] p1a: Tapu Koko\n|\n|-damage|p2a: Tangrowth|93/100 brn|[from] brn\n|upkeep\n|turn|39\n|\n|t:|1760808255\n|switch|p2a: Lugaya|Lugaya, M, tera:Electric|87/100\n|move|p1a: Tapu Koko|Volt Switch|p2a: Lugaya\n|-resisted|p2a: Lugaya\n|-damage|p2a: Lugaya|71/100\n|\n|t:|1760808258\n|switch|p1a: Iron Treads|Iron Treads|46/100|[from] Volt Switch\n|-activate|p1a: Iron Treads|ability: Quark Drive\n|-start|p1a: Iron Treads|quarkdrivespe\n|\n|upkeep\n|turn|40\n|\n|t:|1760808263\n|switch|p2a: Tangrowth|Tangrowth, M|100/100 brn\n|move|p1a: Iron Treads|Volt Switch|p2a: Tangrowth\n|-resisted|p2a: Tangrowth\n|-damage|p2a: Tangrowth|88/100 brn\n|\n|t:|1760808265\n|-end|p1a: Iron Treads|Quark Drive|[silent]\n|switch|p1a: Iron Jugulis|Iron Jugulis|14/100 tox|[from] Volt Switch\n|-activate|p1a: Iron Jugulis|ability: Quark Drive\n|-start|p1a: Iron Jugulis|quarkdrivespa\n|\n|-damage|p1a: Iron Jugulis|8/100 tox|[from] psn\n|-damage|p2a: Tangrowth|82/100 brn|[from] brn\n|upkeep\n|turn|41\n|\n|t:|1760808270\n|switch|p2a: Lugaya|Lugaya, M, tera:Electric|71/100\n|move|p1a: Iron Jugulis|U-turn|p2a: Lugaya\n|-damage|p2a: Lugaya|61/100\n|\n|t:|1760808272\n|-end|p1a: Iron Jugulis|Quark Drive|[silent]\n|switch|p1a: Iron Treads|Iron Treads|46/100|[from] U-turn\n|-activate|p1a: Iron Treads|ability: Quark Drive\n|-start|p1a: Iron Treads|quarkdrivespe\n|\n|upkeep\n|turn|42\n|\n|t:|1760808278\n|switch|p2a: Tangrowth|Tangrowth, M|100/100 brn\n|move|p1a: Iron Treads|Volt Switch|p2a: Tangrowth\n|-resisted|p2a: Tangrowth\n|-damage|p2a: Tangrowth|89/100 brn\n|\n|t:|1760808280\n|-end|p1a: Iron Treads|Quark Drive|[silent]\n|switch|p1a: Tapu Koko|Tapu Koko|64/100|[from] Volt Switch\n|\n|-damage|p2a: Tangrowth|83/100 brn|[from] brn\n|-fieldend|move: Electric Terrain\n|upkeep\n|turn|43\n|\n|t:|1760808287\n|move|p1a: Tapu Koko|Dazzling Gleam|p2a: Tangrowth\n|-damage|p2a: Tangrowth|2/100 brn\n|move|p2a: Tangrowth|Earthquake|p1a: Tapu Koko\n|-supereffective|p1a: Tapu Koko\n|-damage|p1a: Tapu Koko|31/100\n|\n|-damage|p2a: Tangrowth|0 fnt|[from] brn\n|faint|p2a: Tangrowth\n|upkeep\n|\n|t:|1760808291\n|switch|p2a: Gloomhorn|Gloomhorn, F|100/100\n|turn|44\n|\n|t:|1760808294\n|move|p2a: Gloomhorn|Shadow Sneak|p1a: Tapu Koko\n|-damage|p1a: Tapu Koko|0 fnt\n|faint|p1a: Tapu Koko\n|\n|upkeep\n|\n|t:|1760808301\n|switch|p1a: Iron Treads|Iron Treads|46/100\n|turn|45\n|\n|t:|1760808305\n|move|p1a: Iron Treads|Earthquake|p2a: Gloomhorn\n|-crit|p2a: Gloomhorn\n|-damage|p2a: Gloomhorn|46/100\n|move|p2a: Gloomhorn|Swords Dance|p2a: Gloomhorn\n|-boost|p2a: Gloomhorn|atk|2\n|\n|-heal|p2a: Gloomhorn|52/100|[from] item: Leftovers\n|upkeep\n|turn|46\n|\n|t:|1760808308\n|move|p2a: Gloomhorn|Mach Punch|p1a: Iron Treads\n|-supereffective|p1a: Iron Treads\n|-damage|p1a: Iron Treads|0 fnt\n|faint|p1a: Iron Treads\n|-end|p1a: Iron Treads|Quark Drive|[silent]\n|\n|-heal|p2a: Gloomhorn|58/100|[from] item: Leftovers\n|upkeep\n|\n|t:|1760808310\n|switch|p1a: Iron Jugulis|Iron Jugulis|8/100 tox\n|turn|47\n|\n|t:|1760808312\n|move|p2a: Gloomhorn|Mach Punch|p1a: Iron Jugulis\n|-damage|p1a: Iron Jugulis|0 fnt\n|faint|p1a: Iron Jugulis\n|-end|p1a: Iron Jugulis|Quark Drive|[silent]\n|\n|win|GooseFragger\n|c|☆GooseFragger|gg\n|c|☆Ark64|gg\n","players":["Ark64","GooseFragger"],"format":"[Gen 9] NatDex Draft","rating":null,"private":0,"password":null,"inputlog":">version 266cd7969f11373d44307dd452d2e51e08c39070\n>start {\"formatid\":\"gen9natdexdraft@@@Tera Type Preview\",\"seed\":\"sodium,eace9a7fcaa0256ffaea3351463ded6d\"}\n>player p1 {\"name\":\"Ark64\",\"avatar\":\"102\",\"team\":\"Tapu Koko||ChoiceSpecs|ElectricSurge|DazzlingGleam,VoltSwitch,Thunderbolt,GrassKnot|Timid|80,,,252,,176|N|,0,,,,|||,,,,,Grass]Grimmsnarl||LightClay|Prankster|LightScreen,Reflect,PartingShot,ChillingWater|Calm|252,,188,,68,|M|,0,,,,|||,,,,,Dark]Iron Bundle||FocusSash|QuarkDrive|HydroPump,IceBeam,FreezeDry,Uturn|Timid|,,,252,128,128|N||||,,,,,Ice]Runerigus||Runerigusite|WanderingSpirit|StealthRock,WillOWisp,Poltergeist,BodyPress|Impish|252,,96,,160,|M||||,,,,,Ground]Iron Treads||HeavyDutyBoots|QuarkDrive|RapidSpin,VoltSwitch,Earthquake,KnockOff|Jolly|,4,252,,,252|N||||,,,,,Ground]Iron Jugulis||ChoiceSpecs|QuarkDrive|Hurricane,DarkPulse,Flamethrower,Uturn|Timid|16,,,252,,240|N||||,,,,,Dark\",\"rating\":0}\n>player p2 {\"name\":\"GooseFragger\",\"avatar\":\"101\",\"team\":\"Lugaya||HeavyDutyBoots|Multiscale|TeraBlast,Roost,PsychoBoost,Defog|Calm|248,,,8,252,|M||||,,,,,Electric]Gardevoir-Hell||Leftovers|PetrifyingGaze|Moonblast,EarthPower,NastyPlot,GigaDrain|Modest|252,,,252,4,|M|,0,,,,|||,,,,,Fairy]Chansey||Eviolite|SereneGrace|Toxic,Protect,Wish,SeismicToss|Calm|248,,8,,252,|F|,0,,,,|||,,,,,Normal]Tangrowth||RockyHelmet|Regenerator|Earthquake,GigaDrain,Synthesis,Toxic|Lax|252,4,252,,,|M||||,,,,,Grass]Kabuyeti-Climb||ChoiceBand|MoldBreaker|FlareBlitz,FirePunch,Uturn,IcicleCrash|Jolly|,252,,,4,252|F||||,,,,,Ice]Gloomhorn||Leftovers|Technician|MachPunch,SwordsDance,ShadowSneak,Uturn|Adamant|252,252,,,4,|F||||,,,,,Dark\",\"rating\":0}\n>p1 team 2, 1, 3, 4, 5, 6\n>p2 team 5, 2, 3, 4, 1, 6\n>p1 move reflect\n>p2 move uturn\n>p2 switch 5\n>p1 move partingshot\n>p2 move defog terastallize\n>p1 switch 4\n>p1 move bodypress mega\n>p2 switch 4\n>p1 switch 6\n>p2 move toxic\n>p1 move uturn\n>p2 switch 3\n>p1 switch 6\n>p1 move stealthrock\n>p2 switch 3\n>p1 switch 5\n>p2 move gigadrain\n>p1 move voltswitch\n>p2 move gigadrain\n>p1 switch 6\n>p1 move hurricane\n>p2 switch 3\n>p1 switch 4\n>p2 move wish\n>p1 move reflect\n>p2 move toxic\n>p1 switch 6\n>p2 switch 4\n>p1 move knockoff\n>p2 switch 3\n>p1 switch 6\n>p2 move gigadrain\n>p1 move lightscreen\n>p2 move gigadrain\n>p1 move partingshot\n>p2 switch 3\n>p1 switch 2\n>p1 move dazzlinggleam\n>p2 move defog\n>p1 switch 5\n>p2 switch 2\n>p1 move poltergeist\n>p2 move gigadrain\n>p1 switch 4\n>p2 move gigadrain\n>p1 move uturn\n>p2 switch 4\n>p1 switch 6\n>p1 move earthquake\n>p2 switch 3\n>p1 switch 2\n>p2 move gigadrain\n>p1 switch 3\n>p1 move icebeam\n>p2 switch 3\n>p1 move uturn\n>p2 move toxic\n>p1 switch 2\n>p1 move knockoff\n>p2 switch 3\n>p1 switch 6\n>p2 move gigadrain\n>p1 move uturn\n>p2 switch 3\n>p1 switch 4\n>p1 move bodypress\n>p2 move toxic\n>p2 switch 5\n>p1 move bodypress\n>p2 move flareblitz\n>p2 switch 3\n>p1 move willowisp\n>p2 move gigadrain\n>p1 switch 2\n>p1 move icebeam\n>p2 switch 2\n>p1 move hydropump\n>p2 move roost\n>p1 move hydropump\n>p2 move psychoboost\n>p1 move hydropump\n>p2 move roost\n>p1 move hydropump\n>p2 move terablast\n>chat ~SparksTheNeo|damn lugia got psycho boost?\n>p1 switch 6\n>p1 move earthquake\n>p2 switch 2\n>p1 switch 5\n>p2 move gigadrain\n>p1 move voltswitch\n>p2 switch 2\n>p1 switch 5\n>p1 move voltswitch\n>p2 switch 2\n>p1 switch 4\n>p1 move uturn\n>p2 switch 2\n>p1 switch 4\n>p1 move voltswitch\n>p2 switch 2\n>p1 switch 5\n>p1 move dazzlinggleam\n>p2 move earthquake\n>p2 switch 6\n>p1 move dazzlinggleam\n>p2 move shadowsneak\n>p1 switch 5\n>p1 move earthquake\n>p2 move swordsdance\n>p1 move earthquake\n>p2 move machpunch\n>p1 switch 4\n>p1 move hurricane\n>p2 move machpunch","uploadtime":1760808407}