{"id":"gen9natdexdraft-55","log":"|j|☆Swagboi21_W\n|j|☆ElysianSoul222\n|t:|1760036611\n|gametype|singles\n|player|p1|Swagboi21_W|265|\n|player|p2|ElysianSoul222|skierf|\n|gen|9\n|tier|[Gen 9] NatDex Draft\n|rule|Sleep Clause Mod: Limit one foe put to sleep\n|rule|OHKO Clause: OHKO moves are banned\n|rule|Evasion Clause: Evasion abilities, items, and moves are banned\n|rule|Evasion Abilities Clause: Evasion abilities are banned\n|rule|Evasion Items Clause: Evasion items are banned\n|rule|Evasion Moves Clause: Evasion moves are banned\n|rule|Endless Battle Clause: Forcing endless battles is banned\n|rule|HP Percentage Mod: HP is shown in percentages\n|clearpoke\n|poke|p1|Blastoise-Prime, F|\n|poke|p1|Araquanid, M|\n|poke|p1|Blacephalon|\n|poke|p1|Breloom-Prime, M|\n|poke|p1|Sandy Shocks|\n|poke|p1|Iron Crown|\n|poke|p2|Dragapult, F|\n|poke|p2|Iron Valiant|\n|poke|p2|Melmetal|\n|poke|p2|Mandibuzz-Prime, F|\n|poke|p2|Nidoqueen, F|\n|poke|p2|Magmortar, F|\n|teampreview\n|c|☆Swagboi21_W|glhf\n|inactive|Battle timer is ON: inactive players will automatically lose when time's up. (requested by Swagboi21_W)\n|c|☆ElysianSoul222|wait\n|inactiveoff|Battle timer is now OFF.\n|c|☆ElysianSoul222|tera preview lol\n|c|☆ElysianSoul222|tera grass melm\n|c|☆Swagboi21_W|tera fight blacep tera steel crown\n|c|☆ElysianSoul222|got it thanks\n|\n|t:|1760036700\n|teamsize|p1|6\n|teamsize|p2|6\n|start\n|switch|p1a: Araquanid|Araquanid, M|100/100\n|switch|p2a: Melmetal|Melmetal, shiny|100/100\n|turn|1\n|\n|t:|1760036710\n|-terastallize|p2a: Melmetal|Grass\n|move|p2a: Melmetal|Thunder Punch|p1a: Araquanid\n|-supereffective|p1a: Araquanid\n|-damage|p1a: Araquanid|8/100\n|move|p1a: Araquanid|Sticky Web|p2a: Melmetal\n|-sidestart|p2: ElysianSoul222|move: Sticky Web\n|\n|upkeep\n|turn|2\n|\n|t:|1760036729\n|switch|p1a: Blacephalon|Blacephalon|100/100\n|move|p2a: Melmetal|Earthquake|p1a: Blacephalon\n|-supereffective|p1a: Blacephalon\n|-enditem|p1a: Blacephalon|Focus Sash\n|-damage|p1a: Blacephalon|1/100\n|\n|upkeep\n|turn|3\n|\n|t:|1760036790\n|switch|p2a: Magmortar|Magmortar, F, shiny|100/100\n|move|p1a: Blacephalon|Flamethrower|p2a: Magmortar\n|-resisted|p2a: Magmortar\n|-damage|p2a: Magmortar|80/100\n|\n|upkeep\n|turn|4\n|\n|t:|1760036804\n|switch|p1a: Araquanid|Araquanid, M|8/100\n|move|p2a: Magmortar|Flamethrower|p1a: Araquanid\n|-damage|p1a: Araquanid|0 fnt\n|faint|p1a: Araquanid\n|\n|upkeep\n|\n|t:|1760036842\n|switch|p1a: Sandy Shocks|Sandy Shocks|100/100\n|turn|5\n|\n|t:|1760036847\n|switch|p2a: Melmetal|Melmetal, shiny, tera:Grass|100/100\n|-activate|p2a: Melmetal|move: Sticky Web\n|-unboost|p2a: Melmetal|spe|1\n|move|p1a: Sandy Shocks|Earth Power|p2a: Melmetal\n|-resisted|p2a: Melmetal\n|-damage|p2a: Melmetal|74/100\n|-damage|p1a: Sandy Shocks|91/100|[from] item: Life Orb\n|\n|upkeep\n|turn|6\n|\n|t:|1760036867\n|move|p1a: Sandy Shocks|Substitute|p1a: Sandy Shocks\n|-start|p1a: Sandy Shocks|Substitute\n|-damage|p1a: Sandy Shocks|66/100\n|move|p2a: Melmetal|Double Iron Bash|p1a: Sandy Shocks\n|-resisted|p1a: Sandy Shocks\n|-end|p1a: Sandy Shocks|Substitute\n|-resisted|p1a: Sandy Shocks\n|-damage|p1a: Sandy Shocks|37/100\n|-hitcount|p1a: Sandy Shocks|2\n|\n|upkeep\n|turn|7\n|\n|t:|1760036883\n|move|p1a: Sandy Shocks|Power Gem|p2a: Melmetal\n|-damage|p2a: Melmetal|44/100\n|-damage|p1a: Sandy Shocks|27/100|[from] item: Life Orb\n|move|p2a: Melmetal|Earthquake|p1a: Sandy Shocks\n|-supereffective|p1a: Sandy Shocks\n|-damage|p1a: Sandy Shocks|0 fnt\n|faint|p1a: Sandy Shocks\n|-end|p1a: Sandy Shocks|Protosynthesis|[silent]\n|\n|upkeep\n|\n|t:|1760036900\n|switch|p1a: Breloom-Prime|Breloom-Prime, M|100/100\n|turn|8\n|\n|t:|1760036924\n|move|p1a: Breloom-Prime|Trailblaze|p2a: Melmetal\n|-resisted|p2a: Melmetal\n|-damage|p2a: Melmetal|35/100\n|-boost|p1a: Breloom-Prime|spe|1\n|move|p2a: Melmetal|Double Iron Bash|p1a: Breloom-Prime\n|-crit|p1a: Breloom-Prime\n|-damage|p1a: Breloom-Prime|23/100\n|-damage|p1a: Breloom-Prime|0 fnt\n|faint|p1a: Breloom-Prime\n|-hitcount|p1: Breloom-Prime|2\n|\n|upkeep\n|\n|t:|1760036938\n|switch|p1a: Blastoise-Prime|Blastoise-Prime, F|100/100\n|-ability|p1a: Blastoise-Prime|Dauntless Shield|boost\n|-boost|p1a: Blastoise-Prime|def|1\n|turn|9\n|\n|t:|1760036972\n|switch|p2a: Nidoqueen|Nidoqueen, F, shiny|100/100\n|-activate|p2a: Nidoqueen|move: Sticky Web\n|-unboost|p2a: Nidoqueen|spe|1\n|move|p1a: Blastoise-Prime|Freeze-Dry|p2a: Nidoqueen\n|-supereffective|p2a: Nidoqueen\n|-damage|p2a: Nidoqueen|54/100\n|\n|-heal|p2a: Nidoqueen|60/100|[from] item: Black Sludge\n|upkeep\n|turn|10\n|\n|t:|1760036988\n|move|p2a: Nidoqueen|Protect|p2a: Nidoqueen\n|-singleturn|p2a: Nidoqueen|Protect\n|move|p1a: Blastoise-Prime|Shell Smash|p1a: Blastoise-Prime\n|-unboost|p1a: Blastoise-Prime|def|1\n|-unboost|p1a: Blastoise-Prime|spd|1\n|-boost|p1a: Blastoise-Prime|atk|2\n|-boost|p1a: Blastoise-Prime|spa|2\n|-boost|p1a: Blastoise-Prime|spe|2\n|\n|-heal|p2a: Nidoqueen|66/100|[from] item: Black Sludge\n|upkeep\n|turn|11\n|\n|t:|1760037003\n|move|p1a: Blastoise-Prime|Freeze-Dry|p2a: Nidoqueen\n|-supereffective|p2a: Nidoqueen\n|-damage|p2a: Nidoqueen|0 fnt\n|faint|p2a: Nidoqueen\n|\n|upkeep\n|\n|t:|1760037005\n|switch|p2a: Mandibuzz-Prime|Mandibuzz-Prime, F, shiny|100/100\n|turn|12\n|\n|t:|1760037013\n|move|p1a: Blastoise-Prime|Origin Pulse|p2a: Mandibuzz-Prime\n|-damage|p2a: Mandibuzz-Prime|32/100\n|move|p2a: Mandibuzz-Prime|Whirlwind|p1a: Blastoise-Prime\n|drag|p1a: Blacephalon|Blacephalon|1/100\n|\n|upkeep\n|turn|13\n|\n|t:|1760037020\n|move|p1a: Blacephalon|Mind Blown|p2a: Mandibuzz-Prime\n|-damage|p2a: Mandibuzz-Prime|9/100\n|-damage|p1a: Blacephalon|0 fnt|[from] mindblown\n|faint|p1a: Blacephalon\n|move|p2a: Mandibuzz-Prime|Roost|p2a: Mandibuzz-Prime\n|-heal|p2a: Mandibuzz-Prime|59/100\n|-singleturn|p2a: Mandibuzz-Prime|move: Roost\n|\n|upkeep\n|\n|t:|1760037037\n|switch|p1a: Blastoise-Prime|Blastoise-Prime, F|100/100\n|turn|14\n|\n|t:|1760037059\n|move|p1a: Blastoise-Prime|Shell Smash|p1a: Blastoise-Prime\n|-unboost|p1a: Blastoise-Prime|def|1\n|-unboost|p1a: Blastoise-Prime|spd|1\n|-boost|p1a: Blastoise-Prime|atk|2\n|-boost|p1a: Blastoise-Prime|spa|2\n|-boost|p1a: Blastoise-Prime|spe|2\n|move|p2a: Mandibuzz-Prime|Roost|p2a: Mandibuzz-Prime\n|-heal|p2a: Mandibuzz-Prime|100/100\n|-singleturn|p2a: Mandibuzz-Prime|move: Roost\n|\n|upkeep\n|turn|15\n|\n|t:|1760037084\n|-terastallize|p1a: Blastoise-Prime|Water\n|move|p1a: Blastoise-Prime|Origin Pulse|p2a: Mandibuzz-Prime\n|-damage|p2a: Mandibuzz-Prime|7/100\n|move|p2a: Mandibuzz-Prime|Whirlwind|p1a: Blastoise-Prime\n|drag|p1a: Iron Crown|Iron Crown|100/100\n|-enditem|p1a: Iron Crown|Booster Energy\n|-activate|p1a: Iron Crown|ability: Quark Drive|[fromitem]\n|-start|p1a: Iron Crown|quarkdrivespa\n|\n|upkeep\n|turn|16\n|c|☆ElysianSoul222|tera water?\n|c|☆Swagboi21_W|oh my god I am so sorry I forgot I couldn't tera\n|c|☆Swagboi21_W|shit\n|c|☆Swagboi21_W|what do I do now\n|c|☆ElysianSoul222|need to ask sparks\n|c|☆Swagboi21_W|fuuuuuck\n|j|~SparksTheNeo\n|j| menace2sociteh\n|c|~SparksTheNeo|Hmmm ok \n|c|~SparksTheNeo|So that Tera water may have mattered for damage range\n|c|~SparksTheNeo|So Elysian you can claim FFW rn and get a 5-0 win, rest of kills going to Mandi\n|l| menace2sociteh\n|c|~SparksTheNeo|or you could play it out\n|c|☆ElysianSoul222|wait a min\n|l|~SparksTheNeo\n|j|~SparksTheNeo\n|l|~SparksTheNeo\n|c|☆ElysianSoul222|let's play it out\n|j| nachis1225\n|j|~SparksTheNeo\n|j| NottaDoc\n|l| nachis1225\n|l|~SparksTheNeo\n|c|☆Swagboi21_W|epic\n|\n|t:|1760038612\n|move|p1a: Iron Crown|Tachyon Cutter|p2a: Mandibuzz-Prime\n|-damage|p2a: Mandibuzz-Prime|0 fnt\n|faint|p2a: Mandibuzz-Prime\n|-hitcount|p2: Mandibuzz-Prime|1\n|\n|upkeep\n|\n|t:|1760038617\n|switch|p2a: Magmortar|Magmortar, F, shiny|80/100\n|turn|17\n|\n|t:|1760038623\n|move|p1a: Iron Crown|Psychic|p2a: Magmortar\n|-damage|p2a: Magmortar|16/100\n|move|p2a: Magmortar|Flamethrower|p1a: Iron Crown\n|-supereffective|p1a: Iron Crown\n|-damage|p1a: Iron Crown|21/100\n|\n|upkeep\n|turn|18\n|\n|t:|1760038868\n|switch|p2a: Dragapult|Dragapult, F, shiny|100/100\n|-activate|p2a: Dragapult|move: Sticky Web\n|-fail|p2a: Dragapult|unboost|[from] ability: Clear Body|[of] p2a: Dragapult\n|move|p1a: Iron Crown|Psychic|p2a: Dragapult\n|-crit|p2a: Dragapult\n|-damage|p2a: Dragapult|0 fnt\n|faint|p2a: Dragapult\n|\n|upkeep\n|l|☆Swagboi21_W\n|player|p1|\n|j|☆Swagboi21_W\n|player|p1|Swagboi21_W|265|\n|j|~SparksTheNeo\n|\n|t:|1760038945\n|switch|p2a: Iron Valiant|Iron Valiant, shiny|100/100\n|turn|19\n|\n|t:|1760038951\n|move|p2a: Iron Valiant|Knock Off|p1a: Iron Crown\n|-supereffective|p1a: Iron Crown\n|-damage|p1a: Iron Crown|0 fnt\n|faint|p1a: Iron Crown\n|-end|p1a: Iron Crown|Quark Drive|[silent]\n|\n|upkeep\n|\n|t:|1760038955\n|switch|p1a: Blastoise-Prime|Blastoise-Prime, F, tera:Water|100/100\n|turn|20\n|\n|t:|1760038960\n|move|p2a: Iron Valiant|Moonblast|p1a: Blastoise-Prime\n|-damage|p1a: Blastoise-Prime|58/100\n|-unboost|p1a: Blastoise-Prime|spa|1\n|move|p1a: Blastoise-Prime|Shell Smash|p1a: Blastoise-Prime\n|-unboost|p1a: Blastoise-Prime|def|1\n|-unboost|p1a: Blastoise-Prime|spd|1\n|-boost|p1a: Blastoise-Prime|atk|2\n|-boost|p1a: Blastoise-Prime|spa|2\n|-boost|p1a: Blastoise-Prime|spe|2\n|\n|upkeep\n|turn|21\n|c|☆Swagboi21_W|just need to win 2 15% chances\n|\n|t:|1760039059\n|move|p1a: Blastoise-Prime|Origin Pulse|p2a: Iron Valiant\n|-damage|p2a: Iron Valiant|0 fnt\n|faint|p2a: Iron Valiant\n|-end|p2a: Iron Valiant|Quark Drive|[silent]\n|\n|upkeep\n|\n|t:|1760039063\n|switch|p2a: Melmetal|Melmetal, shiny, tera:Grass|35/100\n|-activate|p2a: Melmetal|move: Sticky Web\n|-unboost|p2a: Melmetal|spe|1\n|turn|22\n|\n|t:|1760039069\n|move|p1a: Blastoise-Prime|Freeze-Dry|p2a: Melmetal\n|-supereffective|p2a: Melmetal\n|-damage|p2a: Melmetal|0 fnt\n|faint|p2a: Melmetal\n|\n|upkeep\n|\n|t:|1760039072\n|switch|p2a: Magmortar|Magmortar, F, shiny|16/100\n|turn|23\n|\n|t:|1760039079\n|move|p1a: Blastoise-Prime|Freeze-Dry|p2a: Magmortar\n|-resisted|p2a: Magmortar\n|-damage|p2a: Magmortar|0 fnt\n|faint|p2a: Magmortar\n|\n|win|Swagboi21_W\n|c|☆Swagboi21_W|gg\n|c|☆ElysianSoul222|gg\n","players":["Swagboi21_W","ElysianSoul222"],"format":"[Gen 9] NatDex Draft","rating":null,"private":1,"password":"svj7kjgdqfyw420aaxywgeodmyjbhaw","inputlog":">version c5f06566d1a0a24bc6fa6bc2146fd951ef712f76\n>start {\"formatid\":\"gen9natdexdraft\",\"seed\":\"sodium,aaffe2a79d8c02a7e176b01dfcdfd6ee\"}\n>player p1 {\"name\":\"Swagboi21_W\",\"avatar\":\"265\",\"team\":\"Blastoise-Prime||LumBerry|DauntlessShield|FreezeDry,OriginPulse,ShellSmash,Haze|Modest|,,,252,4,252|F|,0,,,,|||,,,,,Water]Araquanid||MysticWater|WaterBubble|Liquidation,LeechLife,Lunge,StickyWeb|Adamant|248,252,,,8,|M||||,,,,,Water]Blacephalon||FocusSash|BeastBoost|CalmMind,ShadowBall,Flamethrower,MindBlown|Timid|232,,,20,4,252|N|,0,,,,|||,,,,,Fighting]Breloom-Prime||FlameOrb|Guts|StoneEdge,Trailblaze,CloseCombat,SappySeed|Jolly|,252,,,4,252|M||||,,,,,Grass]Sandy Shocks||LifeOrb|Protosynthesis|EarthPower,Thunderbolt,PowerGem,Substitute|Timid|,,,252,4,252|N|,0,,,,|||,,,,,Electric]Iron Crown||BoosterEnergy|QuarkDrive|TachyonCutter,Psychic,CalmMind,FocusBlast|Timid|,,,252,4,252|N|,20,,,,|||,Fighting,,,,Steel\",\"rating\":0}\n>player p2 {\"name\":\"ElysianSoul222\",\"avatar\":\"skierf\",\"team\":\"Dragapult||ChoiceSpecs|ClearBody|ShadowBall,Uturn,DracoMeteor,QuickAttack|Timid|96,,,252,,160|F||S||,,,,,Dragon]Iron Valiant||HeavyDutyBoots|QuarkDrive|Moonblast,CloseCombat,KnockOff,VacuumWave|Naive|,8,,252,,248|N||S||,,,,,Fairy]Melmetal||PunchingGlove|IronFist|DoubleIronBash,Earthquake,ThunderPunch,ThunderWave|Adamant|,248,,,180,80|N||S||,,,,,Grass]Mandibuzz-Prime||HeavyDutyBoots|ThickFat|AirSlash,DarkPulse,Roost,Whirlwind|Bold|248,,184,,76,|F|,0,,,,|S||,,,,,Dark]Nidoqueen||BlackSludge|SheerForce|StealthRock,SludgeWave,EarthPower,Protect|Bold|240,,152,,80,36|F|,0,,,,|S||,,,,,Poison]Magmortar||HeavyDutyBoots|FlameBody|Teleport,Thunderbolt,Flamethrower,Roar|Timid|248,,,48,,212|F|,0,,,,|S||,,,,,Fire\",\"rating\":0}\n>chat ☆Swagboi21_W|glhf\n>chat ☆ElysianSoul222|wait\n>chat ☆ElysianSoul222|tera preview lol\n>chat ☆ElysianSoul222|tera grass melm\n>chat ☆Swagboi21_W|tera fight blacep tera steel crown\n>chat ☆ElysianSoul222|got it thanks\n>p1 team 2, 1, 3, 4, 5, 6\n>p2 team 3, 2, 1, 4, 5, 6\n>p1 move stickyweb\n>p2 move thunderpunch terastallize\n>p1 switch 3\n>p2 move earthquake\n>p1 move flamethrower\n>p2 switch 6\n>p1 switch 3\n>p2 move flamethrower\n>p1 switch 5\n>p1 move earthpower\n>p2 switch 6\n>p1 move substitute\n>p2 move doubleironbash\n>p1 move powergem\n>p2 move earthquake\n>p1 switch 4\n>p1 move trailblaze\n>p2 move doubleironbash\n>p1 switch 2\n>p1 move freezedry\n>p2 switch 5\n>p1 move shellsmash\n>p2 move protect\n>p1 move freezedry\n>p2 move earthpower\n>p2 switch 4\n>p1 move originpulse\n>p2 move whirlwind\n>p1 move mindblown\n>p2 move roost\n>p1 switch 3\n>p1 move shellsmash\n>p2 move roost\n>p1 move originpulse terastallize\n>p2 move whirlwind\n>chat ☆ElysianSoul222|tera water?\n>chat ☆Swagboi21_W|oh my god I am so sorry I forgot I couldn't tera\n>chat ☆Swagboi21_W|shit\n>chat ☆Swagboi21_W|what do I do now\n>chat ☆ElysianSoul222|need to ask sparks\n>chat ☆Swagboi21_W|fuuuuuck\n>chat ~SparksTheNeo|Hmmm ok \n>chat ~SparksTheNeo|So that Tera water may have mattered for damage range\n>chat ~SparksTheNeo|So Elysian you can claim FFW rn and get a 5-0 win, rest of kills going to Mandi\n>chat ~SparksTheNeo|or you could play it out\n>chat ☆ElysianSoul222|wait a min\n>chat ☆ElysianSoul222|let's play it out\n>chat ☆Swagboi21_W|epic\n>p1 move tachyoncutter\n>p2 move whirlwind\n>p2 switch 6\n>p1 move psychic\n>p2 move flamethrower\n>p1 move psychic\n>p2 switch 3\n>p2 switch 2\n>p1 move psychic\n>p2 move knockoff\n>p1 switch 6\n>p1 move shellsmash\n>p2 move moonblast\n>chat ☆Swagboi21_W|just need to win 2 15% chances\n>p1 move originpulse\n>p2 move closecombat\n>p2 switch 5\n>p1 move freezedry\n>p2 move thunderpunch\n>p2 switch 3\n>p1 move freezedry\n>p2 move thunderbolt","uploadtime":1760039087}