{"id":"gen9natdexdraft-129","log":"|j|☆gravitationalballs\n|j|☆tokingpanda\n|t:|1765496706\n|gametype|singles\n|player|p1|gravitationalballs|266|\n|player|p2|tokingpanda|265|\n|gen|9\n|tier|[Gen 9] NatDex Draft\n|rule|Sleep Clause Mod: Limit one foe put to sleep\n|rule|OHKO Clause: OHKO moves are banned\n|rule|Evasion Clause: Evasion abilities, items, and moves are banned\n|rule|Evasion Abilities Clause: Evasion abilities are banned\n|rule|Evasion Items Clause: Evasion items are banned\n|rule|Evasion Moves Clause: Evasion moves are banned\n|rule|Endless Battle Clause: Forcing endless battles is banned\n|rule|HP Percentage Mod: HP is shown in percentages\n|clearpoke\n|poke|p1|Falinks|\n|poke|p1|Gliscor, F|\n|poke|p1|Gouging Fire|\n|poke|p1|Toxapex, M|\n|poke|p1|Rotom-Mow|\n|poke|p1|Roaring Moon|\n|poke|p2|Chi-Yu|\n|poke|p2|Terapagos, M|\n|poke|p2|Tinkaton, F|\n|poke|p2|Basculegion, M|\n|poke|p2|Sandaconda, M|\n|poke|p2|Hawlucha, M|\n|teampreview\n|c|☆tokingpanda|gl!\n|j| umbreoffxd\n|j| Amp ib\n|j| CretaceousDraconid\n|\n|t:|1765496809\n|teamsize|p1|6\n|teamsize|p2|6\n|start\n|switch|p1a: fondling my orb|Gliscor, F|100/100\n|switch|p2a: Tinkaton|Tinkaton, F|100/100\n|-ability|p2a: Tinkaton|Mold Breaker\n|turn|1\n|n| CretaceousDraconid|cretaceousdraconid\n|j| bigg lad\n|c| bigg lad|that poor poor orb\n|c| CretaceousDraconid|Agent Douglas... my hero....\n|l| bigg lad\n|\n|t:|1765496859\n|move|p1a: fondling my orb|Stealth Rock|p2a: Tinkaton\n|-sidestart|p2: tokingpanda|move: Stealth Rock\n|move|p2a: Tinkaton|Knock Off|p1a: fondling my orb\n|-damage|p1a: fondling my orb|84/100\n|-enditem|p1a: fondling my orb|Toxic Orb|[from] move: Knock Off|[of] p2a: Tinkaton\n|\n|upkeep\n|turn|2\n|j| twig79\n|c| twig79|this is terrible news\n|c| Amp ib|No orb wilted rose empji\n|c| CretaceousDraconid|The orb got a court order </3\n|j| AeroXI\n|c| twig79|got told to knock it off\n|\n|t:|1765496920\n|switch|p2a: Basculegion|Basculegion, M|100/100\n|-damage|p2a: Basculegion|88/100|[from] Stealth Rock\n|move|p1a: fondling my orb|Earthquake|p2a: Basculegion\n|-damage|p2a: Basculegion|52/100\n|\n|upkeep\n|turn|3\n|j| RavenEyeKSR\n|c| AeroXI|anything for them rocks\n|\n|t:|1765496937\n|move|p1a: fondling my orb|Protect|p1a: fondling my orb\n|-singleturn|p1a: fondling my orb|Protect\n|move|p2a: Basculegion|Flip Turn|p1a: fondling my orb\n|-activate|p1a: fondling my orb|move: Protect\n|\n|upkeep\n|turn|4\n|\n|t:|1765496953\n|switch|p1a: THE WALL|Toxapex, M|100/100\n|move|p2a: Basculegion|Flip Turn|p1a: THE WALL\n|-resisted|p1a: THE WALL\n|-damage|p1a: THE WALL|75/100\n|\n|t:|1765496976\n|switch|p2a: Terapagos|Terapagos, M|100/100|[from] Flip Turn\n|-activate|p2a: Terapagos|ability: Tera Shift\n|detailschange|p2a: Terapagos|Terapagos-Terastal, M\n|-heal|p2a: Terapagos|100/100|[silent]\n|\n|upkeep\n|turn|5\n|\n|t:|1765497055\n|switch|p1a: fondling my orb|Gliscor, F|84/100\n|move|p2a: Terapagos|Tera Starstorm|p1a: fondling my orb\n|-damage|p1a: fondling my orb|8/100\n|\n|upkeep\n|turn|6\n|\n|t:|1765497085\n|move|p2a: Terapagos|Rapid Spin|p1a: fondling my orb\n|-damage|p1a: fondling my orb|0 fnt\n|-boost|p2a: Terapagos|spe|1\n|-sideend|p2: tokingpanda|Stealth Rock|[from] move: Rapid Spin|[of] p2a: Terapagos\n|faint|p1a: fondling my orb\n|\n|upkeep\n|\n|t:|1765497108\n|switch|p1a: Quetzalcoatlus|Roaring Moon|100/100\n|turn|7\n|l| CretaceousDraconid\n|j| CretaceousDraconid\n|\n|t:|1765497209\n|move|p2a: Terapagos|Rapid Spin|p1a: Quetzalcoatlus\n|-damage|p1a: Quetzalcoatlus|82/100\n|-boost|p2a: Terapagos|spe|1\n|move|p1a: Quetzalcoatlus|Knock Off|p2a: Terapagos\n|-activate|p2a: Terapagos|ability: Tera Shell\n|-resisted|p2a: Terapagos\n|-damage|p2a: Terapagos|76/100\n|-enditem|p2a: Terapagos|Heavy-Duty Boots|[from] move: Knock Off|[of] p1a: Quetzalcoatlus\n|\n|upkeep\n|turn|8\n|\n|t:|1765497246\n|move|p2a: Terapagos|Tera Starstorm|p1a: Quetzalcoatlus\n|-crit|p1a: Quetzalcoatlus\n|-damage|p1a: Quetzalcoatlus|29/100\n|move|p1a: Quetzalcoatlus|Stone Edge|p2a: Terapagos\n|-damage|p2a: Terapagos|45/100\n|\n|upkeep\n|turn|9\n|\n|t:|1765497270\n|-end|p1a: Quetzalcoatlus|Protosynthesis|[silent]\n|switch|p1a: THE WALL|Toxapex, M|100/100\n|move|p2a: Terapagos|Tera Starstorm|p1a: THE WALL\n|-damage|p1a: THE WALL|75/100\n|\n|upkeep\n|turn|10\n|\n|t:|1765497343\n|move|p2a: Terapagos|Earth Power|p1a: THE WALL\n|-supereffective|p1a: THE WALL\n|-damage|p1a: THE WALL|52/100\n|move|p1a: THE WALL|Scald|p2a: Terapagos\n|-damage|p2a: Terapagos|31/100\n|\n|upkeep\n|turn|11\n|\n|t:|1765497362\n|switch|p1a: John Deere LA145|Rotom-Mow|100/100\n|move|p2a: Terapagos|Calm Mind|p2a: Terapagos\n|-boost|p2a: Terapagos|spa|1\n|-boost|p2a: Terapagos|spd|1\n|\n|upkeep\n|turn|12\n|l| Amp ib\n|l| CretaceousDraconid\n|\n|t:|1765497451\n|switch|p1a: Quetzalcoatlus|Roaring Moon|29/100\n|move|p2a: Terapagos|Tera Starstorm|p1a: Quetzalcoatlus\n|-damage|p1a: Quetzalcoatlus|0 fnt\n|faint|p1a: Quetzalcoatlus\n|-end|p1a: Quetzalcoatlus|Protosynthesis|[silent]\n|\n|upkeep\n|\n|t:|1765497455\n|switch|p1a: THE WALL|Toxapex, M|86/100\n|turn|13\n|\n|t:|1765497471\n|move|p2a: Terapagos|Earth Power|p1a: THE WALL\n|-supereffective|p1a: THE WALL\n|-damage|p1a: THE WALL|45/100\n|move|p1a: THE WALL|Liquidation|p2a: Terapagos\n|-damage|p2a: Terapagos|12/100\n|\n|upkeep\n|turn|14\n|j| CretaceousDraconid\n|l| CretaceousDraconid\n|\n|t:|1765497547\n|move|p2a: Terapagos|Tera Starstorm|p1a: THE WALL\n|-damage|p1a: THE WALL|8/100\n|move|p1a: THE WALL|Liquidation|p2a: Terapagos\n|-damage|p2a: Terapagos|0 fnt\n|faint|p2a: Terapagos\n|\n|upkeep\n|j| CretaceousDraconid\n|\n|t:|1765497580\n|switch|p2a: Hawlucha|Hawlucha, M|100/100\n|-ability|p2a: Hawlucha|Mold Breaker\n|turn|15\n|\n|t:|1765497647\n|switch|p1a: John Deere LA145|Rotom-Mow|100/100\n|detailschange|p2a: Hawlucha|Hawlucha-Mega-ZA, M\n|-mega|p2a: Hawlucha|Hawlucha|HawluchaniteZA\n|move|p2a: Hawlucha|Brave Bird|p1a: John Deere LA145\n|-damage|p1a: John Deere LA145|10/100\n|-damage|p2a: Hawlucha|77/100|[from] Recoil\n|\n|upkeep\n|turn|16\n|\n|t:|1765497705\n|switch|p2a: Sandaconda|Sandaconda, M|100/100\n|move|p1a: John Deere LA145|Volt Switch|p2a: Sandaconda\n|-immune|p2a: Sandaconda\n|\n|upkeep\n|turn|17\n|\n|t:|1765497747\n|move|p1a: John Deere LA145|Leaf Storm|p2a: Sandaconda\n|-supereffective|p2a: Sandaconda\n|-damage|p2a: Sandaconda|0 fnt\n|-unboost|p1a: John Deere LA145|spa|2\n|faint|p2a: Sandaconda\n|\n|upkeep\n|\n|t:|1765497759\n|switch|p2a: Hawlucha|Hawlucha-Mega-ZA, M|77/100\n|turn|18\n|\n|t:|1765497797\n|move|p2a: Hawlucha|Brave Bird|p1a: John Deere LA145\n|-damage|p1a: John Deere LA145|0 fnt\n|faint|p1a: John Deere LA145\n|-ability|p2a: Hawlucha|Moxie|boost\n|-boost|p2a: Hawlucha|atk|1\n|-damage|p2a: Hawlucha|74/100|[from] Recoil\n|\n|upkeep\n|\n|t:|1765497799\n|switch|p1a: Styracosaurus|Gouging Fire|100/100\n|turn|19\n|\n|t:|1765497881\n|move|p2a: Hawlucha|Roost|p2a: Hawlucha\n|-heal|p2a: Hawlucha|100/100\n|-singleturn|p2a: Hawlucha|move: Roost\n|move|p1a: Styracosaurus|Dragon Dance|p1a: Styracosaurus\n|-boost|p1a: Styracosaurus|atk|1\n|-boost|p1a: Styracosaurus|spe|1\n|\n|upkeep\n|turn|20\n|c| CretaceousDraconid|Panda getting nicknamed diff btw\n|l| CretaceousDraconid\n|\n|t:|1765497958\n|move|p1a: Styracosaurus|Dragon Dance|p1a: Styracosaurus\n|-boost|p1a: Styracosaurus|atk|1\n|-boost|p1a: Styracosaurus|spe|1\n|move|p2a: Hawlucha|Brave Bird|p1a: Styracosaurus\n|-damage|p1a: Styracosaurus|12/100\n|-damage|p2a: Hawlucha|67/100|[from] Recoil\n|\n|upkeep\n|turn|21\n|j| CretaceousDraconid\n|\n|t:|1765497998\n|switch|p2a: Tinkaton|Tinkaton, F|100/100\n|-ability|p2a: Tinkaton|Mold Breaker\n|move|p1a: Styracosaurus|Heat Crash|p2a: Tinkaton\n|-supereffective|p2a: Tinkaton\n|-damage|p2a: Tinkaton|0 fnt\n|faint|p2a: Tinkaton\n|\n|upkeep\n|\n|t:|1765498011\n|switch|p2a: Basculegion|Basculegion, M|52/100\n|turn|22\n|\n|t:|1765498038\n|-end|p1a: Styracosaurus|Protosynthesis|[silent]\n|switch|p1a: THE WALL|Toxapex, M|41/100\n|move|p2a: Basculegion|Aqua Jet|p1a: THE WALL\n|-resisted|p1a: THE WALL\n|-damage|p1a: THE WALL|24/100\n|\n|upkeep\n|turn|23\n|\n|t:|1765498098\n|move|p2a: Basculegion|Aqua Jet|p1a: THE WALL\n|-resisted|p1a: THE WALL\n|-damage|p1a: THE WALL|7/100\n|move|p1a: THE WALL|Scald|p2a: Basculegion\n|-resisted|p2a: Basculegion\n|-damage|p2a: Basculegion|44/100\n|\n|upkeep\n|turn|24\n|l| AeroXI\n|l| CretaceousDraconid\n|\n|t:|1765498132\n|switch|p2a: Hawlucha|Hawlucha-Mega-ZA, M|67/100\n|switch|p1a: Styracosaurus|Gouging Fire|12/100\n|\n|upkeep\n|turn|25\n|\n|t:|1765498159\n|move|p2a: Hawlucha|Brave Bird|p1a: Styracosaurus\n|-damage|p1a: Styracosaurus|0 fnt\n|faint|p1a: Styracosaurus\n|-end|p1a: Styracosaurus|Protosynthesis|[silent]\n|-ability|p2a: Hawlucha|Moxie|boost\n|-boost|p2a: Hawlucha|atk|1\n|-damage|p2a: Hawlucha|62/100|[from] Recoil\n|\n|upkeep\n|\n|t:|1765498198\n|switch|p1a: LEBROOOOON|Falinks|100/100\n|turn|26\n|\n|t:|1765498207\n|detailschange|p1a: LEBROOOOON|Falinks-Mega-ZA\n|-mega|p1a: LEBROOOOON|Falinks|FalinksiteZA\n|move|p2a: Hawlucha|Brave Bird|p1a: LEBROOOOON\n|-supereffective|p1a: LEBROOOOON\n|-damage|p1a: LEBROOOOON|0 fnt\n|faint|p1a: LEBROOOOON\n|detailschange|p1: LEBROOOOON|Falinks|[silent]\n|-ability|p2a: Hawlucha|Moxie|boost\n|-boost|p2a: Hawlucha|atk|1\n|-damage|p2a: Hawlucha|33/100|[from] Recoil\n|\n|upkeep\n|\n|t:|1765498210\n|switch|p1a: THE WALL|Toxapex, M|40/100\n|turn|27\n|\n|t:|1765498218\n|move|p2a: Hawlucha|Brave Bird|p1a: THE WALL\n|-damage|p1a: THE WALL|0 fnt\n|faint|p1a: THE WALL\n|-damage|p2a: Hawlucha|20/100|[from] Recoil\n|\n|win|tokingpanda\n|c|☆gravitationalballs|gg\n|l| RavenEyeKSR\n|c|☆tokingpanda|ggs\n|l|☆gravitationalballs\n|player|p1|\n","players":["gravitationalballs","tokingpanda"],"format":"[Gen 9] NatDex Draft","rating":null,"private":0,"password":null,"inputlog":">version bdb4a0036935f39b98925754afcd47960889aa4d\n>start {\"formatid\":\"gen9natdexdraft\",\"seed\":\"sodium,b26e0b0f16388b5ba6e38f0ee8c1a5e1\"}\n>player p1 {\"name\":\"gravitationalballs\",\"avatar\":\"266\",\"team\":\"LEBROOOOON|Falinks|FalinksiteZA|Defiant|CloseCombat,SwordsDance,ZenHeadbutt,Megahorn|Jolly|,252,,,8,248|N||||,,,,,Dragon]fondling my orb|Gliscor|ToxicOrb|PoisonHeal|Earthquake,Protect,Toxic,StealthRock|Impish|252,,184,,,72|F||||,,,,,Ground]Styracosaurus|GougingFire|MentalHerb|Protosynthesis|Substitute,DragonDance,BreakingSwipe,HeatCrash|Adamant|,252,,,4,252|N||||,Fighting,,,,Fire]THE WALL|Toxapex|AssaultVest|Regenerator|KnockOff,Liquidation,Scald,IceSpinner|Careful|248,,8,,252,|M||||,,,,,Poison]John Deere LA145|RotomMow|HeavyDutyBoots|Levitate|Defog,VoltSwitch,WillOWisp,LeafStorm|Timid|,,,252,4,252|N|,0,,,,|||,,,,,Electric]Quetzalcoatlus|RoaringMoon|AssaultVest|Protosynthesis|StoneEdge,Uturn,KnockOff,Earthquake|Jolly|,252,,,4,252|N||||,,,,,Dragon\",\"rating\":0}\n>player p2 {\"name\":\"tokingpanda\",\"avatar\":\"265\",\"team\":\"Chi-Yu||ChoiceScarf|BeadsofRuin|FireBlast,DarkPulse,Flamethrower,Overheat|Timid|,,4,252,,252|N|,0,,,,|||,,,,,Dark]Terapagos||HeavyDutyBoots|TeraShift|TeraStarstorm,EarthPower,RapidSpin,CalmMind|Modest|88,,,252,,168|M||||,Dark,,,,Stellar]Tinkaton||Leftovers|MoldBreaker|GigatonHammer,StealthRock,KnockOff,Encore|Adamant|248,236,,,,24|F||||,,,,,Fairy]Basculegion||ChoiceBand|Adaptability|AquaJet,PsychicFangs,WaveCrash,FlipTurn|Adamant|104,252,,,,152|M||||,,,,,Water]Sandaconda||Leftovers|ShedSkin|Earthquake,BodyPress,Rest,Coil|Impish|232,,252,,,24|M||||,,,,,Ground]Hawlucha||HawluchaniteZA|MoldBreaker|BraveBird,CloseCombat,Roost,Agility|Adamant|24,252,4,,,228|M||||,,,,,Fighting\",\"rating\":0}\n>chat ☆tokingpanda|gl!\n>p1 team 2, 1, 3, 4, 5, 6\n>p2 team 3, 2, 1, 4, 5, 6\n>chat  bigg lad|that poor poor orb\n>chat  CretaceousDraconid|Agent Douglas... my hero....\n>p1 move stealthrock\n>p2 move knockoff\n>chat  twig79|this is terrible news\n>chat  Amp ib|No orb wilted rose empji\n>chat  CretaceousDraconid|The orb got a court order </3\n>chat  twig79|got told to knock it off\n>p1 move earthquake\n>p2 switch 4\n>chat  AeroXI|anything for them rocks\n>p1 move protect\n>p2 move flipturn\n>p1 switch 4\n>p2 move flipturn\n>p2 switch 2\n>p1 switch 4\n>p2 move terastarstorm\n>p1 move toxic\n>p2 move rapidspin\n>p1 switch 6\n>p1 move knockoff\n>p2 move rapidspin\n>p1 move stoneedge\n>p2 move terastarstorm\n>p1 switch 4\n>p2 move terastarstorm\n>p1 move scald\n>p2 move earthpower\n>p1 switch 5\n>p2 move calmmind\n>p1 switch 4\n>p2 move terastarstorm\n>p1 switch 5\n>p1 move liquidation\n>p2 move earthpower\n>p1 move liquidation\n>p2 move terastarstorm\n>p2 switch 6\n>p1 switch 4\n>p2 move bravebird mega\n>p1 move voltswitch\n>p2 switch 5\n>p1 move leafstorm\n>p2 move coil\n>p2 switch 5\n>p1 move willowisp\n>p2 move bravebird\n>p1 switch 3\n>p1 move dragondance\n>p2 move roost\n>chat  CretaceousDraconid|Panda getting nicknamed diff btw\n>p1 move dragondance\n>p2 move bravebird\n>p1 move heatcrash\n>p2 switch 4\n>p2 switch 2\n>p1 switch 4\n>p2 move aquajet\n>p1 move scald\n>p2 move aquajet\n>p1 switch 4\n>p2 switch 4\n>p1 move heatcrash\n>p2 move bravebird\n>p1 switch 2\n>p1 move zenheadbutt mega\n>p2 move bravebird\n>p1 switch 4\n>p1 move icespinner\n>p2 move bravebird","uploadtime":1765498437}