{"id":"gen9natdexdraft-214","log":"|j|☆ayoitslux\n|j|☆snowpeashooter\n|t:|1762143768\n|gametype|singles\n|player|p1|ayoitslux|102|\n|player|p2|snowpeashooter|zinnia-masters|\n|gen|9\n|tier|[Gen 9] NatDex Draft\n|rule|Tera Type Preview: Tera Types are shown at Team Preview\n|rule|Sleep Clause Mod: Limit one foe put to sleep\n|rule|OHKO Clause: OHKO moves are banned\n|rule|Evasion Clause: Evasion abilities, items, and moves are banned\n|rule|Evasion Abilities Clause: Evasion abilities are banned\n|rule|Evasion Items Clause: Evasion items are banned\n|rule|Evasion Moves Clause: Evasion moves are banned\n|rule|Endless Battle Clause: Forcing endless battles is banned\n|rule|HP Percentage Mod: HP is shown in percentages\n|raw|<div class=\"infobox\"><details class=\"readmore\" open><summary><strong>1 custom rule:</strong></summary> Tera Type Preview</details></div>\n|clearpoke\n|poke|p1|Marshydow, F|\n|poke|p1|Iron Moth|\n|poke|p1|Mewtwah, F|\n|poke|p1|Flygon, F|\n|poke|p1|Ting-Lu|\n|poke|p1|Enamorus, F|\n|poke|p2|Slicing Segment, M|\n|poke|p2|Greninja-*, M|\n|poke|p2|Tornadus-Therian, M|\n|poke|p2|Gholdengo-Sea, F|\n|poke|p2|Iron Treads|\n|poke|p2|Ogerpon-Cornerstone, F|\n|raw|ayoitslux's Tera Types:<br /><psicon pokemon=\"marshydow\" /><psicon type=\"Ghost\" /> / <psicon pokemon=\"ironmoth\" /><psicon type=\"Fire\" /> / <psicon pokemon=\"mewtwah\" /><psicon type=\"Steel\" /> / <psicon pokemon=\"flygon\" /><psicon type=\"Ground\" /> / <psicon pokemon=\"tinglu\" /><psicon type=\"Dark\" /> / <psicon pokemon=\"enamorus\" /><psicon type=\"Stellar\" />\n|raw|snowpeashooter's Tera Types:<br /><psicon pokemon=\"slicingsegment\" /><psicon type=\"Bug\" /> / <psicon pokemon=\"greninjabond\" /><psicon type=\"Water\" /> / <psicon pokemon=\"tornadustherian\" /><psicon type=\"Steel\" /> / <psicon pokemon=\"gholdengosea\" /><psicon type=\"Ghost\" /> / <psicon pokemon=\"irontreads\" /><psicon type=\"Ground\" /> / <psicon pokemon=\"ogerponcornerstone\" /><psicon type=\"Rock\" />\n|teampreview\n|c|☆ayoitslux|glhf\n|\n|t:|1762143817\n|teamsize|p1|6\n|teamsize|p2|6\n|start\n|switch|p1a: Ting-Lu|Ting-Lu|100/100\n|switch|p2a: Greninja|Greninja, M|100/100\n|-ability|p1a: Ting-Lu|Vessel of Ruin\n|turn|1\n|\n|t:|1762143829\n|move|p2a: Greninja|U-turn|p1a: Ting-Lu\n|-supereffective|p1a: Ting-Lu\n|-damage|p1a: Ting-Lu|77/100\n|\n|t:|1762143836\n|switch|p2a: Tornadus|Tornadus-Therian, M|100/100|[from] U-turn\n|move|p1a: Ting-Lu|Stealth Rock|p2a: Tornadus\n|-sidestart|p2: snowpeashooter|move: Stealth Rock\n|\n|-heal|p1a: Ting-Lu|83/100|[from] item: Leftovers\n|upkeep\n|turn|2\n|\n|t:|1762143849\n|move|p2a: Tornadus|Taunt|p1a: Ting-Lu\n|-start|p1a: Ting-Lu|move: Taunt\n|cant|p1a: Ting-Lu|move: Taunt|Whirlwind\n|\n|-heal|p1a: Ting-Lu|89/100|[from] item: Leftovers\n|upkeep\n|turn|3\n|\n|t:|1762143856\n|move|p2a: Tornadus|Nasty Plot|p2a: Tornadus\n|-boost|p2a: Tornadus|spa|2\n|move|p1a: Ting-Lu|Ruination|p2a: Tornadus\n|-damage|p2a: Tornadus|51/100\n|\n|-heal|p1a: Ting-Lu|95/100|[from] item: Leftovers\n|upkeep\n|turn|4\n|\n|t:|1762143863\n|move|p2a: Tornadus|Focus Blast|p1a: Ting-Lu\n|-supereffective|p1a: Ting-Lu\n|-damage|p1a: Ting-Lu|30/100\n|move|p1a: Ting-Lu|Ruination|p2a: Tornadus\n|-damage|p2a: Tornadus|26/100\n|\n|-heal|p1a: Ting-Lu|37/100|[from] item: Leftovers\n|-end|p1a: Ting-Lu|move: Taunt\n|upkeep\n|turn|5\n|\n|t:|1762143877\n|move|p2a: Tornadus|Bleakwind Storm|p1a: Ting-Lu|[miss]\n|-miss|p2a: Tornadus|p1a: Ting-Lu\n|move|p1a: Ting-Lu|Whirlwind|p2a: Tornadus\n|drag|p2a: Iron Treads|Iron Treads|100/100\n|-damage|p2a: Iron Treads|97/100|[from] Stealth Rock\n|\n|-heal|p2a: Iron Treads|100/100|[from] item: Leftovers\n|-heal|p1a: Ting-Lu|43/100|[from] item: Leftovers\n|upkeep\n|turn|6\n|\n|t:|1762143886\n|-end|p2a: Iron Treads|Quark Drive|[silent]\n|switch|p2a: Tornadus|Tornadus-Therian, M|59/100\n|move|p1a: Ting-Lu|Earthquake|p2a: Tornadus\n|-immune|p2a: Tornadus\n|\n|-heal|p1a: Ting-Lu|49/100|[from] item: Leftovers\n|upkeep\n|turn|7\n|\n|t:|1762143913\n|move|p2a: Tornadus|Bleakwind Storm|p1a: Ting-Lu\n|-damage|p1a: Ting-Lu|31/100\n|move|p1a: Ting-Lu|Ruination|p2a: Tornadus\n|-damage|p2a: Tornadus|30/100\n|\n|-heal|p1a: Ting-Lu|37/100|[from] item: Leftovers\n|upkeep\n|turn|8\n|\n|t:|1762143919\n|move|p2a: Tornadus|Nasty Plot|p2a: Tornadus\n|-boost|p2a: Tornadus|spa|2\n|move|p1a: Ting-Lu|Whirlwind|p2a: Tornadus\n|drag|p2a: Greninja|Greninja, M|100/100\n|-damage|p2a: Greninja|88/100|[from] Stealth Rock\n|\n|-heal|p1a: Ting-Lu|43/100|[from] item: Leftovers\n|upkeep\n|turn|9\n|j|~SparksTheNeo\n|j| The_Shawdoin\n|c| The_Shawdoin|plot gren\n|c| The_Shawdoin|nice\n|c| The_Shawdoin|:3\n|\n|t:|1762143986\n|move|p2a: Greninja|U-turn|p1a: Ting-Lu\n|-supereffective|p1a: Ting-Lu\n|-damage|p1a: Ting-Lu|18/100\n|\n|t:|1762143989\n|switch|p2a: Tornadus|Tornadus-Therian, M|63/100|[from] U-turn\n|move|p1a: Ting-Lu|Whirlwind|p2a: Tornadus\n|drag|p2a: Greninja|Greninja, M|88/100\n|-damage|p2a: Greninja|76/100|[from] Stealth Rock\n|\n|-heal|p1a: Ting-Lu|24/100|[from] item: Leftovers\n|upkeep\n|turn|10\n|\n|t:|1762144008\n|switch|p1a: Enamorus|Enamorus, F|100/100\n|move|p2a: Greninja|Liquidation|p1a: Enamorus\n|-damage|p1a: Enamorus|38/100\n|-unboost|p1a: Enamorus|def|1\n|-start|p2a: Greninja|Attract|[from] ability: Cute Charm|[of] p1a: Enamorus\n|\n|upkeep\n|turn|11\n|\n|t:|1762144035\n|switch|p2a: Iron Treads|Iron Treads|100/100\n|-damage|p2a: Iron Treads|97/100|[from] Stealth Rock\n|move|p1a: Enamorus|Moonblast|p2a: Iron Treads\n|-resisted|p2a: Iron Treads\n|-damage|p2a: Iron Treads|77/100\n|\n|-heal|p2a: Iron Treads|84/100|[from] item: Leftovers\n|upkeep\n|turn|12\n|\n|t:|1762144050\n|switch|p1a: Marshydow|Marshydow, F|100/100\n|move|p2a: Iron Treads|Stealth Rock|p1a: Marshydow\n|-sidestart|p1: ayoitslux|move: Stealth Rock\n|\n|-heal|p2a: Iron Treads|90/100|[from] item: Leftovers\n|upkeep\n|turn|13\n|\n|t:|1762144059\n|-end|p2a: Iron Treads|Quark Drive|[silent]\n|switch|p2a: Tornadus|Tornadus-Therian, M|96/100\n|move|p1a: Marshydow|Thunder Punch|p2a: Tornadus\n|-supereffective|p2a: Tornadus\n|-damage|p2a: Tornadus|28/100\n|\n|upkeep\n|turn|14\n|\n|t:|1762144064\n|switch|p2a: worm|Slicing Segment, M|100/100\n|move|p1a: Marshydow|Thunder Punch|p2a: worm\n|-damage|p2a: worm|84/100\n|\n|upkeep\n|turn|15\n|\n|t:|1762144075\n|switch|p1a: Ting-Lu|Ting-Lu|24/100\n|-damage|p1a: Ting-Lu|18/100|[from] Stealth Rock\n|-ability|p1a: Ting-Lu|Vessel of Ruin\n|move|p2a: worm|Glare|p1a: Ting-Lu\n|-status|p1a: Ting-Lu|par\n|\n|-heal|p1a: Ting-Lu|24/100 par|[from] item: Leftovers\n|upkeep\n|turn|16\n|\n|t:|1762144083\n|-end|p2a: worm|Protosynthesis|[silent]\n|switch|p2a: Tornadus|Tornadus-Therian, M|61/100\n|move|p1a: Ting-Lu|Ruination|p2a: Tornadus\n|-damage|p2a: Tornadus|31/100\n|\n|-heal|p1a: Ting-Lu|30/100 par|[from] item: Leftovers\n|upkeep\n|turn|17\n|\n|t:|1762144091\n|move|p2a: Tornadus|Nasty Plot|p2a: Tornadus\n|-boost|p2a: Tornadus|spa|2\n|cant|p1a: Ting-Lu|par\n|\n|-heal|p1a: Ting-Lu|37/100 par|[from] item: Leftovers\n|upkeep\n|turn|18\n|\n|t:|1762144098\n|move|p2a: Tornadus|Bleakwind Storm|p1a: Ting-Lu\n|-damage|p1a: Ting-Lu|0 fnt\n|faint|p1a: Ting-Lu\n|\n|upkeep\n|\n|t:|1762144102\n|switch|p1a: Enamorus|Enamorus, F|38/100\n|-damage|p1a: Enamorus|13/100|[from] Stealth Rock\n|turn|19\n|\n|t:|1762144157\n|switch|p2a: Iron Treads|Iron Treads|90/100\n|-damage|p2a: Iron Treads|87/100|[from] Stealth Rock\n|move|p1a: Enamorus|Earth Power|p2a: Iron Treads\n|-supereffective|p2a: Iron Treads\n|-damage|p2a: Iron Treads|39/100\n|\n|-heal|p2a: Iron Treads|45/100|[from] item: Leftovers\n|upkeep\n|turn|20\n|c|☆snowpeashooter|.\n|\n|t:|1762144176\n|switch|p1a: Marshydow|Marshydow, F|100/100\n|-damage|p1a: Marshydow|94/100|[from] Stealth Rock\n|-end|p2a: Iron Treads|Quark Drive|[silent]\n|switch|p2a: Tornadus|Tornadus-Therian, M|64/100\n|\n|upkeep\n|turn|21\n|c|~SparksTheNeo|bold as hell clicking epower fr\n|\n|t:|1762144199\n|switch|p2a: worm|Slicing Segment, M|84/100\n|move|p1a: Marshydow|Thunder Punch|p2a: worm\n|-damage|p2a: worm|70/100\n|\n|upkeep\n|turn|22\n|l|☆snowpeashooter\n|player|p2|\n|j|☆snowpeashooter\n|player|p2|snowpeashooter|zinnia-masters|\n|\n|t:|1762144301\n|switch|p1a: Enamorus|Enamorus, F|13/100\n|-damage|p1a: Enamorus|0 fnt|[from] Stealth Rock\n|faint|p1a: Enamorus\n|move|p2a: worm|Toxic Spikes|p1: Enamorus\n|-sidestart|p1: ayoitslux|move: Toxic Spikes\n|\n|upkeep\n|\n|t:|1762144317\n|switch|p1a: Iron Moth|Iron Moth|100/100\n|-damage|p1a: Iron Moth|76/100|[from] Stealth Rock\n|-sideend|p1: ayoitslux|move: Toxic Spikes|[of] p1a: Iron Moth\n|-enditem|p1a: Iron Moth|Booster Energy\n|-activate|p1a: Iron Moth|ability: Quark Drive|[fromitem]\n|-start|p1a: Iron Moth|quarkdrivespe\n|turn|23\n|\n|t:|1762144332\n|-end|p2a: worm|Protosynthesis|[silent]\n|switch|p2a: Iron Treads|Iron Treads|45/100\n|-damage|p2a: Iron Treads|42/100|[from] Stealth Rock\n|move|p1a: Iron Moth|Substitute|p1a: Iron Moth\n|-start|p1a: Iron Moth|Substitute\n|-damage|p1a: Iron Moth|51/100\n|\n|-heal|p2a: Iron Treads|48/100|[from] item: Leftovers\n|upkeep\n|turn|24\n|\n|t:|1762144362\n|move|p1a: Iron Moth|Fiery Dance|p2a: Iron Treads\n|-supereffective|p2a: Iron Treads\n|-damage|p2a: Iron Treads|0 fnt\n|-boost|p1a: Iron Moth|spa|1\n|faint|p2a: Iron Treads\n|-end|p2a: Iron Treads|Quark Drive|[silent]\n|\n|upkeep\n|\n|t:|1762144410\n|switch|p2a: Ogerpon|Ogerpon-Cornerstone, F|100/100\n|-damage|p2a: Ogerpon|88/100|[from] Stealth Rock\n|turn|25\n|\n|t:|1762144421\n|-terastallize|p2a: Ogerpon|Rock\n|detailschange|p2a: Ogerpon|Ogerpon-Cornerstone-Tera, F, tera:Rock\n|-ability|p2a: Ogerpon|Embody Aspect (Cornerstone)|boost\n|-boost|p2a: Ogerpon|def|1\n|move|p1a: Iron Moth|Fiery Dance|p2a: Ogerpon\n|-resisted|p2a: Ogerpon\n|-crit|p2a: Ogerpon\n|-damage|p2a: Ogerpon|31/100\n|move|p2a: Ogerpon|Ivy Cudgel|p1a: Iron Moth|[anim] Ivy Cudgel Rock\n|-supereffective|p1a: Iron Moth\n|-end|p1a: Iron Moth|Substitute\n|\n|upkeep\n|turn|26\n|\n|t:|1762144432\n|move|p1a: Iron Moth|Fiery Dance|p2a: Ogerpon\n|-resisted|p2a: Ogerpon\n|-damage|p2a: Ogerpon|0 fnt\n|-boost|p1a: Iron Moth|spa|1\n|faint|p2a: Ogerpon\n|detailschange|p2: Ogerpon|Ogerpon-Cornerstone, F|[silent]\n|\n|upkeep\n|\n|t:|1762144447\n|switch|p2a: Gholdengo-Sea|Gholdengo-Sea, F|100/100\n|-damage|p2a: Gholdengo-Sea|88/100|[from] Stealth Rock\n|turn|27\n|\n|t:|1762144455\n|move|p1a: Iron Moth|Discharge|p2a: Gholdengo-Sea\n|-supereffective|p2a: Gholdengo-Sea\n|-damage|p2a: Gholdengo-Sea|0 fnt\n|faint|p2a: Gholdengo-Sea\n|\n|upkeep\n|\n|t:|1762144462\n|switch|p2a: Greninja|Greninja, M|76/100\n|-damage|p2a: Greninja|64/100|[from] Stealth Rock\n|turn|28\n|\n|t:|1762144467\n|detailschange|p2a: Greninja|Greninja-Mega, M\n|-mega|p2a: Greninja|Greninja|Greninjite\n|move|p1a: Iron Moth|Discharge|p2a: Greninja\n|-supereffective|p2a: Greninja\n|-damage|p2a: Greninja|0 fnt\n|faint|p2a: Greninja\n|detailschange|p2: Greninja|Greninja, M|[silent]\n|\n|upkeep\n|\n|t:|1762144473\n|switch|p2a: Tornadus|Tornadus-Therian, M|97/100\n|turn|29\n|\n|t:|1762144489\n|move|p1a: Iron Moth|Substitute|p1a: Iron Moth\n|-start|p1a: Iron Moth|Substitute\n|-damage|p1a: Iron Moth|26/100\n|move|p2a: Tornadus|Bleakwind Storm|p1a: Iron Moth\n|-end|p1a: Iron Moth|Substitute\n|\n|upkeep\n|turn|30\n|\n|t:|1762144494\n|move|p1a: Iron Moth|Discharge|p2a: Tornadus\n|-supereffective|p2a: Tornadus\n|-damage|p2a: Tornadus|0 fnt\n|faint|p2a: Tornadus\n|\n|upkeep\n|\n|t:|1762144497\n|switch|p2a: worm|Slicing Segment, M|70/100\n|turn|31\n|\n|t:|1762144503\n|move|p1a: Iron Moth|Fiery Dance|p2a: worm\n|-supereffective|p2a: worm\n|-damage|p2a: worm|0 fnt\n|faint|p2a: worm\n|-end|p2a: worm|Protosynthesis|[silent]\n|\n|win|ayoitslux\n|c|☆ayoitslux|gg\n|c|☆snowpeashooter|gg\n|l|☆snowpeashooter\n|player|p2|\n","players":["ayoitslux","snowpeashooter"],"format":"[Gen 9] NatDex Draft","rating":null,"private":0,"password":null,"inputlog":">version 2352b00944e7462b49311a255b814d2e23110915\n>start {\"formatid\":\"gen9natdexdraft@@@Tera Type Preview\",\"seed\":\"sodium,9488bcb2a9b27e033beffb8b6d0dab34\"}\n>player p1 {\"name\":\"ayoitslux\",\"avatar\":\"102\",\"team\":\"Marshydow||ChoiceScarf|Technician|SpectralThief,CloseCombat,ThunderPunch,ShadowSneak|Jolly|,252,16,,,240|F||||,,,,,Ghost]Iron Moth||BoosterEnergy|QuarkDrive|FieryDance,SludgeWave,Discharge,Substitute|Timid|,,124,132,,252|N|,0,,,,|||,,,,,Fire]Mewtwah||SalacBerry|Pressure|Psystrike,AuraSphere,NastyPlot,Substitute|Timid|80,,,252,,176|F|,0,,,,|||,,,,,Steel]Flygon||FlygoniteA|Levitate|DragonRush,Earthquake,DualWingbeat,DragonDance|Jolly|80,252,,,,176|F||S||,,,,,Ground]Ting-Lu||Leftovers|VesselofRuin|StealthRock,Earthquake,Ruination,Whirlwind|Careful|252,,4,,252,|N||||,,,,,Dark]Enamorus||ChoiceScarf|CuteCharm|Moonblast,EarthPower,TeraBlast,Agility|Timid|,,4,252,,252|F|,0,,,,|||,,,,,Stellar\",\"rating\":0}\n>player p2 {\"name\":\"snowpeashooter\",\"avatar\":\"zinnia-masters\",\"team\":\"worm|SlicingSegment|HeavyDutyBoots|Protosynthesis|Glare,FoulPlay,ToxicSpikes,SlackOff|Bold|248,,252,,8,|M|,0,,,,|||,,,,,Bug]Greninja|GreninjaBond|Greninjite|BattleBond|LowKick,Liquidation,Uturn,SwordsDance|Adamant|,252,84,,,172|M||||,Ghost,,,,Water]Tornadus|TornadusTherian|HeavyDutyBoots|Regenerator|BleakwindStorm,FocusBlast,NastyPlot,Taunt|Timid|8,,,252,,248|M|,0,,,,|||,,,,,Steel]Gholdengo-Sea||ChoiceScarf|GoodasGold|ShadowBall,HydroPump,Thunderbolt,FlipTurn|Modest|72,,,252,,184|F||||,,,,,Ghost]Iron Treads||Leftovers|QuarkDrive|StealthRock,RapidSpin,VoltSwitch,Earthquake|Careful|252,4,,,252,|N||||,,,,,Ground]Ogerpon|OgerponCornerstone|CornerstoneMask|Sturdy|IvyCudgel,Trailblaze,SwordsDance,HornLeech|Jolly|,252,,,4,252|F||||,Poison,,,,Rock\",\"rating\":0}\n>chat ☆ayoitslux|glhf\n>p1 team 5, 2, 3, 4, 1, 6\n>p2 team 2, 1, 3, 4, 5, 6\n>p1 move stealthrock\n>p2 move uturn\n>p2 switch 3\n>p1 move whirlwind\n>p2 move taunt\n>p1 move ruination\n>p2 move nastyplot\n>p1 move ruination\n>p2 move focusblast\n>p1 move whirlwind\n>p2 move bleakwindstorm\n>p1 move earthquake\n>p2 switch 5\n>p1 move ruination\n>p2 move bleakwindstorm\n>p1 move whirlwind\n>p2 move nastyplot\n>chat  The_Shawdoin|plot gren\n>chat  The_Shawdoin|nice\n>chat  The_Shawdoin|:3\n>p1 move whirlwind\n>p2 move uturn\n>p2 switch 3\n>p1 switch 6\n>p2 move liquidation\n>p1 move moonblast\n>p2 switch 5\n>p1 switch 5\n>p2 move stealthrock\n>p1 move thunderpunch\n>p2 switch 3\n>p1 move thunderpunch\n>p2 switch 2\n>p1 switch 6\n>p2 move glare\n>p1 move ruination\n>p2 switch 2\n>p1 move ruination\n>p2 move nastyplot\n>p1 move whirlwind\n>p2 move bleakwindstorm\n>p1 switch 5\n>p1 move earthpower\n>p2 switch 3\n>chat ☆snowpeashooter|.\n>p1 switch 6\n>p2 switch 3\n>chat ~SparksTheNeo|bold as hell clicking epower fr\n>p1 move thunderpunch\n>p2 switch 2\n>p1 switch 6\n>p2 move toxicspikes\n>p1 switch 2\n>p1 move substitute\n>p2 switch 3\n>p1 move fierydance\n>p2 move earthquake\n>p2 switch 6\n>p1 move fierydance\n>p2 move ivycudgel terastallize\n>p1 move fierydance\n>p2 move ivycudgel\n>p2 switch 4\n>p1 move discharge\n>p2 move hydropump\n>p2 switch 5\n>p1 move discharge\n>p2 move liquidation mega\n>p2 switch 2\n>p1 move substitute\n>p2 move bleakwindstorm\n>p1 move discharge\n>p2 move bleakwindstorm\n>p2 switch 3\n>p1 move fierydance\n>p2 move foulplay","uploadtime":1762144592}