{"id":"gen9natdexdraft-127","log":"|j|☆Kjflame013\n|j|☆drew0723\n|t:|1761427342\n|gametype|singles\n|player|p1|Kjflame013|170|\n|player|p2|drew0723|101|\n|gen|9\n|tier|[Gen 9] NatDex Draft\n|rule|Tera Type Preview: Tera Types are shown at Team Preview\n|rule|Sleep Clause Mod: Limit one foe put to sleep\n|rule|OHKO Clause: OHKO moves are banned\n|rule|Evasion Clause: Evasion abilities, items, and moves are banned\n|rule|Evasion Abilities Clause: Evasion abilities are banned\n|rule|Evasion Items Clause: Evasion items are banned\n|rule|Evasion Moves Clause: Evasion moves are banned\n|rule|Endless Battle Clause: Forcing endless battles is banned\n|rule|HP Percentage Mod: HP is shown in percentages\n|raw|<div class=\"infobox\"><details class=\"readmore\" open><summary><strong>1 custom rule:</strong></summary> Tera Type Preview</details></div>\n|clearpoke\n|poke|p1|Corviknight-Prime, F|\n|poke|p1|Jolteon-Prime, F|\n|poke|p1|Urshifu-*, F|\n|poke|p1|Venusaur, M|\n|poke|p1|Garchomp, M|\n|poke|p1|Avalugg, F|\n|poke|p2|Scream Tail-Prime|\n|poke|p2|Great Tusk|\n|poke|p2|Iron Moth|\n|poke|p2|Alomomola, M|\n|poke|p2|Pecharunt|\n|poke|p2|Arboliva, F|\n|raw|Kjflame013's Tera Types:<br /><psicon pokemon=\"corviknightprime\" /><psicon type=\"Flying\" /> / <psicon pokemon=\"jolteonprime\" /><psicon type=\"Electric\" /> / <psicon pokemon=\"urshifu\" /><psicon type=\"Dark\" /> / <psicon pokemon=\"venusaur\" /><psicon type=\"Grass\" /> / <psicon pokemon=\"garchomp\" /><psicon type=\"Dragon\" /> / <psicon pokemon=\"avalugg\" /><psicon type=\"Poison\" />\n|raw|drew0723's Tera Types:<br /><psicon pokemon=\"screamtailprime\" /><psicon type=\"Fairy\" /> / <psicon pokemon=\"greattusk\" /><psicon type=\"Ground\" /> / <psicon pokemon=\"ironmoth\" /><psicon type=\"Fire\" /> / <psicon pokemon=\"alomomola\" /><psicon type=\"Water\" /> / <psicon pokemon=\"pecharunt\" /><psicon type=\"Poison\" /> / <psicon pokemon=\"arboliva\" /><psicon type=\"Fairy\" />\n|teampreview\n|c|☆drew0723|sorry about that\n|c|☆drew0723|aint a draft without last second changes\n|c|☆Kjflame013|U good\n|c|☆drew0723|Good Luck, have Fun!\n|c|☆Kjflame013|glhf\n|\n|t:|1761427382\n|teamsize|p1|6\n|teamsize|p2|6\n|start\n|switch|p1a: Jolteon-Prime|Jolteon-Prime, F|100/100\n|switch|p2a: Scream Tail-Prime|Scream Tail-Prime|100/100\n|turn|1\n|\n|t:|1761427395\n|switch|p2a: Arboliva|Arboliva, F|100/100\n|move|p1a: Jolteon-Prime|Volt Switch|p2a: Arboliva\n|-resisted|p2a: Arboliva\n|-damage|p2a: Arboliva|83/100\n|-fieldstart|move: Grassy Terrain|[from] ability: Seed Sower|[of] p2a: Arboliva\n|\n|t:|1761427402\n|switch|p1a: Venusaur|Venusaur, M|100/100|[from] Volt Switch\n|\n|-heal|p2a: Arboliva|89/100|[from] Grassy Terrain\n|upkeep\n|turn|2\n|\n|t:|1761427408\n|switch|p2a: Pecharunt|Pecharunt|100/100\n|detailschange|p1a: Venusaur|Venusaur-Mega, M\n|-mega|p1a: Venusaur|Venusaur|Venusaurite\n|move|p1a: Venusaur|Sludge Bomb|p2a: Pecharunt\n|-resisted|p2a: Pecharunt\n|-damage|p2a: Pecharunt|94/100\n|\n|-heal|p2a: Pecharunt|99/100|[from] Grassy Terrain\n|-heal|p2a: Pecharunt|100/100|[from] item: Black Sludge\n|upkeep\n|turn|3\n|\n|t:|1761427414\n|move|p2a: Pecharunt|Parting Shot|p1a: Venusaur\n|-unboost|p1a: Venusaur|atk|1\n|-unboost|p1a: Venusaur|spa|1\n|\n|t:|1761427416\n|switch|p2a: Arboliva|Arboliva, F|89/100|[from] Parting Shot\n|move|p1a: Venusaur|Leech Seed|p2a: Arboliva\n|-immune|p2a: Arboliva\n|\n|-heal|p2a: Arboliva|95/100|[from] Grassy Terrain\n|upkeep\n|turn|4\n|\n|t:|1761427426\n|switch|p1a: Corviknight-Prime|Corviknight-Prime, F|100/100\n|switch|p2a: Pecharunt|Pecharunt|100/100\n|\n|upkeep\n|turn|5\n|c|☆drew0723|funny time???\n|\n|t:|1761427445\n|switch|p1a: Garchomp|Garchomp, M|100/100\n|move|p2a: Pecharunt|Parting Shot|p1a: Garchomp\n|-unboost|p1a: Garchomp|atk|1\n|-unboost|p1a: Garchomp|spa|1\n|\n|t:|1761427455\n|switch|p2a: Scream Tail-Prime|Scream Tail-Prime|100/100|[from] Parting Shot\n|\n|-fieldend|move: Grassy Terrain\n|upkeep\n|turn|6\n|\n|t:|1761427464\n|move|p2a: Scream Tail-Prime|Torch Song|p1a: Garchomp\n|-resisted|p1a: Garchomp\n|-damage|p1a: Garchomp|93/100\n|-boost|p2a: Scream Tail-Prime|spa|1\n|move|p1a: Garchomp|Toxic|p2a: Scream Tail-Prime\n|-status|p2a: Scream Tail-Prime|tox\n|\n|-heal|p1a: Garchomp|99/100|[from] item: Leftovers\n|-damage|p2a: Scream Tail-Prime|94/100 tox|[from] psn\n|upkeep\n|turn|7\n|\n|t:|1761427471\n|move|p2a: Scream Tail-Prime|Sparkly Swirl|p1a: Garchomp\n|-supereffective|p1a: Garchomp\n|-damage|p1a: Garchomp|0 fnt\n|-activate|p2a: Scream Tail-Prime|move: Aromatherapy\n|-curestatus|p2a: Scream Tail-Prime|tox|[msg]\n|faint|p1a: Garchomp\n|\n|-heal|p2a: Scream Tail-Prime|100/100|[from] item: Leftovers\n|upkeep\n|\n|t:|1761427477\n|switch|p1a: Corviknight-Prime|Corviknight-Prime, F|100/100\n|turn|8\n|\n|t:|1761427485\n|switch|p2a: Alomomola|Alomomola, M|100/100\n|move|p1a: Corviknight-Prime|Behemoth Bash|p2a: Alomomola\n|-resisted|p2a: Alomomola\n|-damage|p2a: Alomomola|87/100\n|-damage|p1a: Corviknight-Prime|84/100|[from] item: Rocky Helmet|[of] p2a: Alomomola\n|\n|-heal|p1a: Corviknight-Prime|90/100|[from] item: Leftovers\n|upkeep\n|turn|9\n|\n|t:|1761427490\n|switch|p1a: Venusaur|Venusaur-Mega, M|100/100\n|move|p2a: Alomomola|Flip Turn|p1a: Venusaur\n|-resisted|p1a: Venusaur\n|-damage|p1a: Venusaur|95/100\n|\n|t:|1761427501\n|switch|p2a: Pecharunt|Pecharunt|100/100|[from] Flip Turn\n|\n|upkeep\n|turn|10\n|\n|t:|1761427507\n|move|p2a: Pecharunt|Parting Shot|p1a: Venusaur\n|-unboost|p1a: Venusaur|atk|1\n|-unboost|p1a: Venusaur|spa|1\n|\n|t:|1761427511\n|switch|p2a: Arboliva|Arboliva, F|95/100|[from] Parting Shot\n|move|p1a: Venusaur|Sludge Bomb|p2a: Arboliva\n|-supereffective|p2a: Arboliva\n|-damage|p2a: Arboliva|61/100\n|-fieldstart|move: Grassy Terrain|[from] ability: Seed Sower|[of] p2a: Arboliva\n|\n|-heal|p1a: Venusaur|100/100|[from] Grassy Terrain\n|-heal|p2a: Arboliva|67/100|[from] Grassy Terrain\n|upkeep\n|turn|11\n|\n|t:|1761427521\n|switch|p2a: Pecharunt|Pecharunt|100/100\n|move|p1a: Venusaur|Sludge Bomb|p2a: Pecharunt\n|-resisted|p2a: Pecharunt\n|-damage|p2a: Pecharunt|96/100\n|\n|-heal|p2a: Pecharunt|100/100|[from] Grassy Terrain\n|upkeep\n|turn|12\n|\n|t:|1761427528\n|move|p2a: Pecharunt|Malignant Chain|p1a: Venusaur\n|-damage|p1a: Venusaur|80/100\n|move|p1a: Venusaur|Leech Seed|p2a: Pecharunt\n|-start|p2a: Pecharunt|move: Leech Seed\n|\n|-heal|p1a: Venusaur|86/100|[from] Grassy Terrain\n|-damage|p2a: Pecharunt|88/100|[from] Leech Seed|[of] p1a: Venusaur\n|-heal|p1a: Venusaur|99/100|[silent]\n|upkeep\n|turn|13\n|\n|t:|1761427544\n|move|p2a: Pecharunt|Parting Shot|p1a: Venusaur\n|-unboost|p1a: Venusaur|atk|1\n|-unboost|p1a: Venusaur|spa|1\n|\n|t:|1761427562\n|switch|p2a: Arboliva|Arboliva, F|67/100|[from] Parting Shot\n|move|p1a: Venusaur|Sludge Bomb|p2a: Arboliva\n|-supereffective|p2a: Arboliva\n|-damage|p2a: Arboliva|43/100\n|\n|-heal|p1a: Venusaur|100/100|[from] Grassy Terrain\n|-heal|p2a: Arboliva|50/100|[from] Grassy Terrain\n|upkeep\n|turn|14\n|\n|t:|1761427568\n|switch|p1a: Corviknight-Prime|Corviknight-Prime, F|90/100\n|switch|p2a: Iron Moth|Iron Moth|100/100\n|-enditem|p2a: Iron Moth|Booster Energy\n|-activate|p2a: Iron Moth|ability: Quark Drive|[fromitem]\n|-start|p2a: Iron Moth|quarkdrivespa\n|\n|-heal|p1a: Corviknight-Prime|96/100|[from] item: Leftovers\n|-fieldend|move: Grassy Terrain\n|upkeep\n|turn|15\n|\n|t:|1761427578\n|switch|p1a: Venusaur|Venusaur-Mega, M|100/100\n|move|p2a: Iron Moth|Fiery Dance|p1a: Venusaur\n|-supereffective|p1a: Venusaur\n|-damage|p1a: Venusaur|56/100\n|-boost|p2a: Iron Moth|spa|1\n|\n|upkeep\n|turn|16\n|\n|t:|1761427583\n|move|p2a: Iron Moth|Psychic|p1a: Venusaur\n|-supereffective|p1a: Venusaur\n|-crit|p1a: Venusaur\n|-damage|p1a: Venusaur|0 fnt\n|faint|p1a: Venusaur\n|detailschange|p1: Venusaur|Venusaur, M|[silent]\n|\n|upkeep\n|\n|t:|1761427586\n|switch|p1a: Urshifu|Urshifu, F|100/100\n|turn|17\n|\n|t:|1761427601\n|-terastallize|p1a: Urshifu|Dark\n|move|p1a: Urshifu|Wicked Blow|p2a: Iron Moth\n|-crit|p2a: Iron Moth\n|-damage|p2a: Iron Moth|0 fnt\n|faint|p2a: Iron Moth\n|-end|p2a: Iron Moth|Quark Drive|[silent]\n|\n|upkeep\n|\n|t:|1761427607\n|switch|p2a: Great Tusk|Great Tusk|100/100\n|turn|18\n|\n|t:|1761427618\n|switch|p1a: Avalugg|Avalugg, F|100/100\n|move|p2a: Great Tusk|Knock Off|p1a: Avalugg\n|-damage|p1a: Avalugg|89/100\n|-enditem|p1a: Avalugg|Heavy-Duty Boots|[from] move: Knock Off|[of] p2a: Great Tusk\n|\n|upkeep\n|turn|19\n|\n|t:|1761427625\n|-end|p2a: Great Tusk|Protosynthesis|[silent]\n|switch|p2a: Pecharunt|Pecharunt|88/100\n|move|p1a: Avalugg|Body Press|p2a: Pecharunt\n|-immune|p2a: Pecharunt\n|\n|-heal|p2a: Pecharunt|94/100|[from] item: Black Sludge\n|upkeep\n|turn|20\n|\n|t:|1761427634\n|move|p2a: Pecharunt|Malignant Chain|p1a: Avalugg\n|-damage|p1a: Avalugg|58/100\n|move|p1a: Avalugg|Mirror Coat|p2a: Pecharunt\n|-damage|p2a: Pecharunt|30/100\n|\n|-heal|p2a: Pecharunt|36/100|[from] item: Black Sludge\n|upkeep\n|turn|21\n|\n|t:|1761427641\n|switch|p1a: Jolteon-Prime|Jolteon-Prime, F|100/100\n|move|p2a: Pecharunt|Recover|p2a: Pecharunt\n|-heal|p2a: Pecharunt|87/100\n|\n|-heal|p2a: Pecharunt|93/100|[from] item: Black Sludge\n|upkeep\n|turn|22\n|\n|t:|1761427649\n|switch|p2a: Arboliva|Arboliva, F|50/100\n|move|p1a: Jolteon-Prime|Volt Switch|p2a: Arboliva\n|-resisted|p2a: Arboliva\n|-damage|p2a: Arboliva|31/100\n|-fieldstart|move: Grassy Terrain|[from] ability: Seed Sower|[of] p2a: Arboliva\n|\n|t:|1761427653\n|switch|p1a: Urshifu|Urshifu, F, tera:Dark|100/100|[from] Volt Switch\n|\n|-heal|p2a: Arboliva|38/100|[from] Grassy Terrain\n|upkeep\n|turn|23\n|\n|t:|1761427658\n|switch|p2a: Alomomola|Alomomola, M|100/100\n|move|p1a: Urshifu|Zen Headbutt|p2a: Alomomola\n|-damage|p2a: Alomomola|86/100\n|-damage|p1a: Urshifu|84/100|[from] item: Rocky Helmet|[of] p2a: Alomomola\n|\n|-heal|p1a: Urshifu|90/100|[from] Grassy Terrain\n|-heal|p2a: Alomomola|92/100|[from] Grassy Terrain\n|upkeep\n|turn|24\n|\n|t:|1761427665\n|switch|p1a: Corviknight-Prime|Corviknight-Prime, F|96/100\n|move|p2a: Alomomola|Wish|p2a: Alomomola\n|\n|-heal|p1a: Corviknight-Prime|100/100|[from] item: Leftovers\n|-heal|p2a: Alomomola|99/100|[from] Grassy Terrain\n|upkeep\n|turn|25\n|\n|t:|1761427671\n|move|p1a: Corviknight-Prime|Bulk Up|p1a: Corviknight-Prime\n|-boost|p1a: Corviknight-Prime|atk|1\n|-boost|p1a: Corviknight-Prime|def|1\n|move|p2a: Alomomola|Flip Turn|p1a: Corviknight-Prime\n|-damage|p1a: Corviknight-Prime|93/100\n|-damage|p2a: Alomomola|86/100|[from] ability: Iron Barbs|[of] p1a: Corviknight-Prime\n|\n|t:|1761427695\n|switch|p2a: Arboliva|Arboliva, F|38/100|[from] Flip Turn\n|\n|-heal|p2a: Arboliva|100/100|[from] move: Wish|[wisher] Alomomola\n|-heal|p1a: Corviknight-Prime|99/100|[from] item: Leftovers\n|upkeep\n|turn|26\n|\n|t:|1761427699\n|move|p1a: Corviknight-Prime|Brave Bird|p2a: Arboliva\n|-supereffective|p2a: Arboliva\n|-damage|p2a: Arboliva|0 fnt\n|faint|p2a: Arboliva\n|-damage|p1a: Corviknight-Prime|70/100|[from] Recoil\n|\n|-heal|p1a: Corviknight-Prime|76/100|[from] item: Leftovers\n|-fieldend|move: Grassy Terrain\n|upkeep\n|\n|t:|1761427714\n|switch|p2a: Alomomola|Alomomola, M|100/100\n|turn|27\n|\n|t:|1761427725\n|switch|p1a: Avalugg|Avalugg, F|58/100\n|move|p2a: Alomomola|Scald|p1a: Avalugg\n|-damage|p1a: Avalugg|41/100\n|\n|upkeep\n|turn|28\n|\n|t:|1761427731\n|move|p2a: Alomomola|Scald|p1a: Avalugg\n|-damage|p1a: Avalugg|24/100\n|move|p1a: Avalugg|Recover|p1a: Avalugg\n|-heal|p1a: Avalugg|74/100\n|\n|upkeep\n|turn|29\n|\n|t:|1761427744\n|switch|p1a: Jolteon-Prime|Jolteon-Prime, F|100/100\n|move|p2a: Alomomola|Scald|p1a: Jolteon-Prime\n|-damage|p1a: Jolteon-Prime|87/100\n|-status|p1a: Jolteon-Prime|brn\n|\n|-damage|p1a: Jolteon-Prime|81/100 brn|[from] brn\n|upkeep\n|turn|30\n|\n|t:|1761427767\n|switch|p2a: Great Tusk|Great Tusk|100/100\n|move|p1a: Jolteon-Prime|Boomburst|p2a: Great Tusk\n|-damage|p2a: Great Tusk|41/100\n|\n|-heal|p2a: Great Tusk|48/100|[from] item: Leftovers\n|-damage|p1a: Jolteon-Prime|75/100 brn|[from] brn\n|upkeep\n|turn|31\n|\n|t:|1761427776\n|-end|p2a: Great Tusk|Protosynthesis|[silent]\n|switch|p2a: Pecharunt|Pecharunt|93/100\n|move|p1a: Jolteon-Prime|Boomburst|p2a: Pecharunt\n|-immune|p2a: Pecharunt\n|\n|-heal|p2a: Pecharunt|99/100|[from] item: Black Sludge\n|-damage|p1a: Jolteon-Prime|69/100 brn|[from] brn\n|upkeep\n|turn|32\n|\n|t:|1761427795\n|move|p1a: Jolteon-Prime|Volt Switch|p2a: Pecharunt\n|-damage|p2a: Pecharunt|61/100\n|\n|t:|1761427801\n|switch|p1a: Corviknight-Prime|Corviknight-Prime, F|76/100|[from] Volt Switch\n|move|p2a: Pecharunt|Parting Shot|p1a: Corviknight-Prime\n|-unboost|p1a: Corviknight-Prime|atk|1\n|-unboost|p1a: Corviknight-Prime|spa|1\n|\n|t:|1761427805\n|switch|p2a: Scream Tail-Prime|Scream Tail-Prime|100/100|[from] Parting Shot\n|\n|-heal|p1a: Corviknight-Prime|82/100|[from] item: Leftovers\n|upkeep\n|turn|33\n|\n|t:|1761427834\n|switch|p1a: Avalugg|Avalugg, F|74/100\n|move|p2a: Scream Tail-Prime|Torch Song|p1a: Avalugg\n|-supereffective|p1a: Avalugg\n|-crit|p1a: Avalugg\n|-damage|p1a: Avalugg|16/100\n|-boost|p2a: Scream Tail-Prime|spa|1\n|\n|upkeep\n|turn|34\n|\n|t:|1761427850\n|move|p2a: Scream Tail-Prime|Torch Song|p1a: Avalugg\n|-supereffective|p1a: Avalugg\n|-damage|p1a: Avalugg|0 fnt\n|-boost|p2a: Scream Tail-Prime|spa|1\n|faint|p1a: Avalugg\n|\n|upkeep\n|\n|t:|1761427853\n|switch|p1a: Urshifu|Urshifu, F, tera:Dark|90/100\n|turn|35\n|\n|t:|1761427903\n|move|p1a: Urshifu|Wicked Blow|p2a: Scream Tail-Prime\n|-crit|p2a: Scream Tail-Prime\n|-damage|p2a: Scream Tail-Prime|60/100\n|move|p2a: Scream Tail-Prime|Sparkly Swirl|p1a: Urshifu\n|-supereffective|p1a: Urshifu\n|-damage|p1a: Urshifu|0 fnt\n|-activate|p2a: Scream Tail-Prime|move: Aromatherapy\n|faint|p1a: Urshifu\n|\n|-heal|p2a: Scream Tail-Prime|66/100|[from] item: Leftovers\n|upkeep\n|\n|t:|1761427906\n|switch|p1a: Jolteon-Prime|Jolteon-Prime, F|69/100 brn\n|turn|36\n|\n|t:|1761427960\n|move|p1a: Jolteon-Prime|Thunderbolt|p2a: Scream Tail-Prime\n|-damage|p2a: Scream Tail-Prime|28/100\n|move|p2a: Scream Tail-Prime|Moonlight|p2a: Scream Tail-Prime\n|-heal|p2a: Scream Tail-Prime|78/100\n|\n|-heal|p2a: Scream Tail-Prime|84/100|[from] item: Leftovers\n|-damage|p1a: Jolteon-Prime|63/100 brn|[from] brn\n|upkeep\n|turn|37\n|\n|t:|1761427964\n|move|p1a: Jolteon-Prime|Thunderbolt|p2a: Scream Tail-Prime\n|-damage|p2a: Scream Tail-Prime|42/100\n|move|p2a: Scream Tail-Prime|Psychic Noise|p1a: Jolteon-Prime\n|-damage|p1a: Jolteon-Prime|21/100 brn\n|-start|p1a: Jolteon-Prime|move: Heal Block\n|\n|-heal|p2a: Scream Tail-Prime|48/100|[from] item: Leftovers\n|-damage|p1a: Jolteon-Prime|15/100 brn|[from] brn\n|upkeep\n|turn|38\n|\n|t:|1761427981\n|move|p1a: Jolteon-Prime|Thunderbolt|p2a: Scream Tail-Prime\n|-damage|p2a: Scream Tail-Prime|8/100\n|move|p2a: Scream Tail-Prime|Moonlight|p2a: Scream Tail-Prime\n|-heal|p2a: Scream Tail-Prime|58/100\n|\n|-heal|p2a: Scream Tail-Prime|64/100|[from] item: Leftovers\n|-damage|p1a: Jolteon-Prime|9/100 brn|[from] brn\n|-end|p1a: Jolteon-Prime|move: Heal Block\n|upkeep\n|turn|39\n|\n|t:|1761427988\n|move|p1a: Jolteon-Prime|Thunderbolt|p2a: Scream Tail-Prime\n|-damage|p2a: Scream Tail-Prime|24/100\n|move|p2a: Scream Tail-Prime|Moonlight|p2a: Scream Tail-Prime\n|-heal|p2a: Scream Tail-Prime|73/100\n|\n|-heal|p2a: Scream Tail-Prime|80/100|[from] item: Leftovers\n|-damage|p1a: Jolteon-Prime|2/100 brn|[from] brn\n|upkeep\n|turn|40\n|\n|t:|1761427991\n|move|p1a: Jolteon-Prime|Thunderbolt|p2a: Scream Tail-Prime\n|-damage|p2a: Scream Tail-Prime|39/100\n|move|p2a: Scream Tail-Prime|Moonlight|p2a: Scream Tail-Prime\n|-heal|p2a: Scream Tail-Prime|89/100\n|\n|-heal|p2a: Scream Tail-Prime|95/100|[from] item: Leftovers\n|-damage|p1a: Jolteon-Prime|0 fnt|[from] brn\n|faint|p1a: Jolteon-Prime\n|upkeep\n|\n|t:|1761427994\n|switch|p1a: Corviknight-Prime|Corviknight-Prime, F|82/100\n|turn|41\n|\n|t:|1761427996\n|move|p2a: Scream Tail-Prime|Torch Song|p1a: Corviknight-Prime\n|-supereffective|p1a: Corviknight-Prime\n|-damage|p1a: Corviknight-Prime|41/100\n|-boost|p2a: Scream Tail-Prime|spa|1\n|move|p1a: Corviknight-Prime|Behemoth Bash|p2a: Scream Tail-Prime\n|-supereffective|p2a: Scream Tail-Prime\n|-damage|p2a: Scream Tail-Prime|46/100\n|\n|-heal|p2a: Scream Tail-Prime|52/100|[from] item: Leftovers\n|-heal|p1a: Corviknight-Prime|47/100|[from] item: Leftovers\n|upkeep\n|turn|42\n|c|☆Kjflame013|Gg\n|\n|t:|1761428002\n|move|p2a: Scream Tail-Prime|Torch Song|p1a: Corviknight-Prime\n|-supereffective|p1a: Corviknight-Prime\n|-damage|p1a: Corviknight-Prime|0 fnt\n|-boost|p2a: Scream Tail-Prime|spa|1\n|faint|p1a: Corviknight-Prime\n|\n|win|drew0723\n|c|☆drew0723|GG\n","players":["Kjflame013","drew0723"],"format":"[Gen 9] NatDex Draft","rating":null,"private":0,"password":null,"inputlog":">version f5040886e674df30a81d8aa6703a640b23e7a073\n>start {\"formatid\":\"gen9natdexdraft@@@Tera Type Preview\",\"seed\":\"sodium,c852e60c4cecf10928e755e827608d65\"}\n>player p1 {\"name\":\"Kjflame013\",\"avatar\":\"170\",\"team\":\"Corviknight-Prime||Leftovers|IronBarbs|BehemothBash,BulkUp,BraveBird,BodyPress|Adamant|112,140,,,252,|F||||,,,,,Flying]Jolteon-Prime||Magnet|Transistor|Thunderbolt,Boomburst,AlluringVoice,VoltSwitch|Timid|,,,252,4,252|F|,0,,,,|||,,,,,Electric]Urshifu||ChoiceScarf|UnseenFist|WickedBlow,Uturn,ZenHeadbutt,CloseCombat|Jolly|,252,,,72,184|F||||,,,,,Dark]Venusaur||Venusaurite|Overgrow|EarthPower,SludgeBomb,GigaDrain,LeechSeed|Bold|248,,84,76,100,|M|,0,,,,|||,,,,,Grass]Garchomp||Leftovers|RoughSkin|StompingTantrum,DragonTail,StealthRock,Toxic|Adamant|,124,,,132,252|M||||,,,,,Dragon]Avalugg||HeavyDutyBoots|Sturdy|RapidSpin,BodyPress,MirrorCoat,Recover|Relaxed|252,,84,,172,|F||||,,,,,Poison\",\"rating\":0}\n>player p2 {\"name\":\"drew0723\",\"avatar\":\"101\",\"team\":\"Scream Tail-Prime||Leftovers|Unaware|SparklySwirl,PsychicNoise,TorchSong,Moonlight|Timid|248,,212,,,48|N|,0,,,,|||,,,,,Fairy]Great Tusk||Leftovers|Protosynthesis|Earthquake,IceSpinner,KnockOff,RapidSpin|Impish|248,,252,,8,|N||||,Fighting,,,,Ground]Iron Moth||BoosterEnergy|QuarkDrive|FieryDance,SludgeWave,Psychic,DazzlingGleam|Timid|,,,252,4,216|N|,0,,,,|||,,,,,Fire]Alomomola||RockyHelmet|Regenerator|Scald,Wish,Protect,FlipTurn|Relaxed|248,,252,,8,|M|,,,,,0|||,,,,,Water]Pecharunt||BlackSludge|PoisonPuppeteer|MalignantChain,ShadowBall,Recover,PartingShot|Careful|248,,8,,252,|N|,0,,,,|||,,,,,Poison]Arboliva||MirrorHerb|SeedSower|GigaDrain,EarthPower,LeechSeed,StrengthSap|Careful|248,,8,,252,|F|,0,,,,|||,,,,,Fairy\",\"rating\":0}\n>chat ☆drew0723|sorry about that\n>chat ☆drew0723|aint a draft without last second changes\n>chat ☆Kjflame013|U good\n>chat ☆drew0723|Good Luck, have Fun!\n>chat ☆Kjflame013|glhf\n>p1 team 2, 1, 3, 4, 5, 6\n>p2 team 1, 2, 3, 4, 5, 6\n>p1 move voltswitch\n>p2 switch 6\n>p1 switch 4\n>p1 move sludgebomb mega\n>p2 switch 5\n>p1 move leechseed\n>p2 move partingshot\n>p2 switch 5\n>p1 switch 2\n>p2 switch 5\n>chat ☆drew0723|funny time???\n>p1 switch 5\n>p2 move partingshot\n>p2 switch 6\n>p1 move toxic\n>p2 move torchsong\n>p1 move stealthrock\n>p2 move sparklyswirl\n>p1 switch 5\n>p1 move behemothbash\n>p2 switch 4\n>p1 switch 2\n>p2 move flipturn\n>p2 switch 6\n>p1 move sludgebomb\n>p2 move partingshot\n>p2 switch 5\n>p1 move sludgebomb\n>p2 switch 5\n>p1 move leechseed\n>p2 move malignantchain\n>p1 move sludgebomb\n>p2 move partingshot\n>p2 switch 5\n>p1 switch 2\n>p2 switch 3\n>p1 switch 2\n>p2 move fierydance\n>p1 move earthpower\n>p2 move psychic\n>p1 switch 3\n>p1 move wickedblow terastallize\n>p2 move dazzlinggleam\n>p2 switch 2\n>p1 switch 6\n>p2 move knockoff\n>p1 move bodypress\n>p2 switch 5\n>p1 move mirrorcoat\n>p2 move malignantchain\n>p1 switch 4\n>p2 move recover\n>p1 move voltswitch\n>p2 switch 3\n>p1 switch 6\n>p1 move zenheadbutt\n>p2 switch 6\n>p1 switch 2\n>p2 move wish\n>p1 move bulkup\n>p2 move flipturn\n>p2 switch 6\n>p1 move bravebird\n>p2 move strengthsap\n>p2 switch 6\n>p1 switch 4\n>p2 move scald\n>p1 move recover\n>p2 move scald\n>p1 switch 6\n>p2 move scald\n>p1 move boomburst\n>p2 switch 5\n>p1 move boomburst\n>p2 switch 3\n>p1 move voltswitch\n>p2 move partingshot\n>p1 switch 4\n>p2 switch 4\n>p1 switch 6\n>p2 move torchsong\n>p1 move mirrorcoat\n>p2 move torchsong\n>p1 switch 2\n>p1 move wickedblow\n>p2 move sparklyswirl\n>p1 switch 4\n>p1 move thunderbolt\n>p2 move moonlight\n>p1 move thunderbolt\n>p2 move psychicnoise\n>p1 move thunderbolt\n>p2 move moonlight\n>p1 move thunderbolt\n>p2 move moonlight\n>p1 move thunderbolt\n>p2 move moonlight\n>p1 switch 6\n>p1 move behemothbash\n>p2 move torchsong\n>chat ☆Kjflame013|Gg\n>p1 move behemothbash\n>p2 move torchsong","uploadtime":1761428017}