{"id":"gen9natdexdraft-89","log":"|j|☆ElysianSoul222\n|j|☆testingooooo\n|t:|1760791323\n|gametype|singles\n|player|p1|ElysianSoul222|skierf|\n|player|p2|testingooooo|265|\n|gen|9\n|tier|[Gen 9] NatDex Draft\n|rule|Tera Type Preview: Tera Types are shown at Team Preview\n|rule|Sleep Clause Mod: Limit one foe put to sleep\n|rule|OHKO Clause: OHKO moves are banned\n|rule|Evasion Clause: Evasion abilities, items, and moves are banned\n|rule|Evasion Abilities Clause: Evasion abilities are banned\n|rule|Evasion Items Clause: Evasion items are banned\n|rule|Evasion Moves Clause: Evasion moves are banned\n|rule|Endless Battle Clause: Forcing endless battles is banned\n|rule|HP Percentage Mod: HP is shown in percentages\n|raw|<div class=\"infobox\"><details class=\"readmore\" open><summary><strong>1 custom rule:</strong></summary> Tera Type Preview</details></div>\n|clearpoke\n|poke|p1|Flutter Lame, M|\n|poke|p1|Blaziken, F|\n|poke|p1|Celebi-Hell, F|\n|poke|p1|Zapdos|\n|poke|p1|Starmie, M|\n|poke|p1|Araquanid, F|\n|poke|p2|Iron Saw, F|\n|poke|p2|Crossblue, M|\n|poke|p2|Drifblim-Hell, M|\n|poke|p2|Spike Claw, M|\n|poke|p2|Iron Boulder|\n|poke|p2|Overqwil, M|\n|raw|ElysianSoul222's Tera Types:<br /><psicon pokemon=\"flutterlame\" /><psicon type=\"Ghost\" /> / <psicon pokemon=\"blaziken\" /><psicon type=\"Electric\" /> / <psicon pokemon=\"celebihell\" /><psicon type=\"Steel\" /> / <psicon pokemon=\"zapdos\" /><psicon type=\"Electric\" /> / <psicon pokemon=\"starmie\" /><psicon type=\"Water\" /> / <psicon pokemon=\"araquanid\" /><psicon type=\"Water\" />\n|raw|testingooooo's Tera Types:<br /><psicon pokemon=\"ironsaw\" /><psicon type=\"Electric\" /> / <psicon pokemon=\"crossblue\" /><psicon type=\"Bug\" /> / <psicon pokemon=\"drifblimhell\" /><psicon type=\"Water\" /> / <psicon pokemon=\"spikeclaw\" /><psicon type=\"Grass\" /> / <psicon pokemon=\"ironboulder\" /><psicon type=\"Ground\" /> / <psicon pokemon=\"overqwil\" /><psicon type=\"Dark\" />\n|teampreview\n|c|☆testingooooo|aight\n|c|☆ElysianSoul222|hf\n|c|☆testingooooo|hff\n|\n|t:|1760791374\n|teamsize|p1|6\n|teamsize|p2|6\n|start\n|switch|p1a: Blaziken|Blaziken, F, shiny|100/100\n|switch|p2a: Spike Claw|Spike Claw, M|100/100\n|turn|1\n|\n|t:|1760791403\n|move|p1a: Blaziken|Protect|p1a: Blaziken\n|-singleturn|p1a: Blaziken|Protect\n|move|p2a: Spike Claw|Switcheroo|p1a: Blaziken\n|-activate|p1a: Blaziken|move: Protect\n|\n|-ability|p1a: Blaziken|Speed Boost|boost\n|-boost|p1a: Blaziken|spe|1\n|upkeep\n|turn|2\n|\n|t:|1760791423\n|switch|p1a: Starmie|Starmie, M, shiny|100/100\n|-end|p2a: Spike Claw|Protosynthesis|[silent]\n|switch|p2a: Overqwil|Overqwil, M|100/100\n|-ability|p2a: Overqwil|Intimidate|boost\n|-unboost|p1a: Starmie|atk|1\n|\n|upkeep\n|turn|3\n|\n|t:|1760791439\n|detailschange|p1a: Starmie|Starmie-Mega, M, shiny\n|-mega|p1a: Starmie|Starmie|Starmite\n|move|p1a: Starmie|Scald|p2a: Overqwil\n|-damage|p2a: Overqwil|43/100\n|move|p2a: Overqwil|Toxic Spikes|p1a: Starmie\n|-sidestart|p1: ElysianSoul222|move: Toxic Spikes\n|\n|upkeep\n|turn|4\n|\n|t:|1760791449\n|switch|p2a: Spike Claw|Spike Claw, M|100/100\n|move|p1a: Starmie|Rapid Spin|p2a: Spike Claw\n|-damage|p2a: Spike Claw|94/100\n|-boost|p1a: Starmie|spe|1\n|-sideend|p1: ElysianSoul222|Toxic Spikes|[from] move: Rapid Spin|[of] p1a: Starmie\n|\n|upkeep\n|turn|5\n|c|☆testingooooo|oh na\n|c|☆testingooooo|forgor\n|\n|t:|1760791468\n|switch|p1a: Zapdos|Zapdos, shiny|100/100\n|move|p2a: Spike Claw|Leech Seed|p1a: Zapdos\n|-start|p1a: Zapdos|move: Leech Seed\n|\n|-damage|p1a: Zapdos|88/100|[from] Leech Seed|[of] p2a: Spike Claw\n|-heal|p2a: Spike Claw|100/100|[silent]\n|upkeep\n|turn|6\n|\n|t:|1760791474\n|move|p2a: Spike Claw|Protect|p2a: Spike Claw\n|-singleturn|p2a: Spike Claw|Protect\n|move|p1a: Zapdos|U-turn|p2a: Spike Claw\n|-activate|p2a: Spike Claw|move: Protect\n|\n|-damage|p1a: Zapdos|75/100|[from] Leech Seed|[of] p2a: Spike Claw\n|upkeep\n|turn|7\n|\n|t:|1760791488\n|-end|p2a: Spike Claw|Protosynthesis|[silent]\n|switch|p2a: Drifblim-Hell|Drifblim-Hell, M|100/100\n|move|p1a: Zapdos|U-turn|p2a: Drifblim-Hell\n|-resisted|p2a: Drifblim-Hell\n|-damage|p2a: Drifblim-Hell|95/100\n|c|☆testingooooo|rip no psn point\n|c|☆ElysianSoul222|oof\n|c|☆ElysianSoul222|poison point\n|c|☆ElysianSoul222|true\n|\n|t:|1760791509\n|switch|p1a: Starmie|Starmie-Mega, M, shiny|100/100|[from] U-turn\n|\n|upkeep\n|turn|8\n|\n|t:|1760791513\n|switch|p2a: Spike Claw|Spike Claw, M|100/100\n|move|p1a: Starmie|Psychic|p2a: Spike Claw\n|-damage|p2a: Spike Claw|64/100\n|\n|upkeep\n|turn|9\n|\n|t:|1760791524\n|move|p1a: Starmie|Flip Turn|p2a: Spike Claw\n|-resisted|p2a: Spike Claw\n|-damage|p2a: Spike Claw|54/100\n|\n|t:|1760791527\n|switch|p1a: Zapdos|Zapdos, shiny|75/100|[from] Flip Turn\n|move|p2a: Spike Claw|Wish|p2a: Spike Claw\n|\n|upkeep\n|turn|10\n|\n|t:|1760791533\n|move|p1a: Zapdos|Heat Wave|p2a: Spike Claw\n|-supereffective|p2a: Spike Claw\n|-damage|p2a: Spike Claw|15/100\n|move|p2a: Spike Claw|Leech Seed|p1a: Zapdos\n|-start|p1a: Zapdos|move: Leech Seed\n|\n|-heal|p2a: Spike Claw|65/100|[from] move: Wish|[wisher] Spike Claw\n|-damage|p1a: Zapdos|63/100|[from] Leech Seed|[of] p2a: Spike Claw\n|-heal|p2a: Spike Claw|76/100|[silent]\n|upkeep\n|turn|11\n|\n|t:|1760791547\n|move|p1a: Zapdos|Roost|p1a: Zapdos\n|-heal|p1a: Zapdos|100/100\n|-singleturn|p1a: Zapdos|move: Roost\n|move|p2a: Spike Claw|Wish|p2a: Spike Claw\n|\n|-damage|p1a: Zapdos|88/100|[from] Leech Seed|[of] p2a: Spike Claw\n|-heal|p2a: Spike Claw|86/100|[silent]\n|upkeep\n|turn|12\n|\n|t:|1760791555\n|switch|p1a: Starmie|Starmie-Mega, M, shiny|100/100\n|move|p2a: Spike Claw|Protect||[still]\n|-fail|p2a: Spike Claw\n|\n|-heal|p2a: Spike Claw|100/100|[from] move: Wish|[wisher] Spike Claw\n|upkeep\n|turn|13\n|\n|t:|1760791561\n|move|p1a: Starmie|Scald|p2a: Spike Claw\n|-resisted|p2a: Spike Claw\n|-damage|p2a: Spike Claw|84/100\n|-status|p2a: Spike Claw|brn\n|move|p2a: Spike Claw|Leech Seed|p1a: Starmie|[miss]\n|-miss|p2a: Spike Claw|p1a: Starmie\n|\n|-damage|p2a: Spike Claw|78/100 brn|[from] brn\n|upkeep\n|turn|14\n|\n|t:|1760791568\n|move|p1a: Starmie|Psychic|p2a: Spike Claw\n|-damage|p2a: Spike Claw|46/100 brn\n|move|p2a: Spike Claw|Leech Seed|p1a: Starmie\n|-start|p1a: Starmie|move: Leech Seed\n|\n|-damage|p1a: Starmie|88/100|[from] Leech Seed|[of] p2a: Spike Claw\n|-heal|p2a: Spike Claw|54/100 brn|[silent]\n|-damage|p2a: Spike Claw|48/100 brn|[from] brn\n|upkeep\n|turn|15\n|\n|t:|1760791573\n|move|p1a: Starmie|Rapid Spin|p2a: Spike Claw\n|-damage|p2a: Spike Claw|38/100 brn\n|-boost|p1a: Starmie|spe|1\n|-end|p1a: Starmie|Leech Seed|[from] move: Rapid Spin|[of] p1a: Starmie\n|move|p2a: Spike Claw|Wish|p2a: Spike Claw\n|\n|-damage|p2a: Spike Claw|32/100 brn|[from] brn\n|upkeep\n|turn|16\n|\n|t:|1760791581\n|move|p2a: Spike Claw|Protect|p2a: Spike Claw\n|-singleturn|p2a: Spike Claw|Protect\n|move|p1a: Starmie|Scald|p2a: Spike Claw\n|-activate|p2a: Spike Claw|move: Protect\n|\n|-heal|p2a: Spike Claw|82/100 brn|[from] move: Wish|[wisher] Spike Claw\n|-damage|p2a: Spike Claw|76/100 brn|[from] brn\n|upkeep\n|turn|17\n|\n|t:|1760791586\n|move|p1a: Starmie|Psychic|p2a: Spike Claw\n|-damage|p2a: Spike Claw|40/100 brn\n|move|p2a: Spike Claw|Wish|p2a: Spike Claw\n|\n|-damage|p2a: Spike Claw|34/100 brn|[from] brn\n|upkeep\n|turn|18\n|\n|t:|1760791597\n|move|p2a: Spike Claw|Protect|p2a: Spike Claw\n|-singleturn|p2a: Spike Claw|Protect\n|move|p1a: Starmie|Scald|p2a: Spike Claw\n|-activate|p2a: Spike Claw|move: Protect\n|\n|-heal|p2a: Spike Claw|84/100 brn|[from] move: Wish|[wisher] Spike Claw\n|-damage|p2a: Spike Claw|78/100 brn|[from] brn\n|upkeep\n|turn|19\n|\n|t:|1760791602\n|move|p1a: Starmie|Flip Turn|p2a: Spike Claw\n|-resisted|p2a: Spike Claw\n|-damage|p2a: Spike Claw|68/100 brn\n|\n|t:|1760791605\n|switch|p1a: Blaziken|Blaziken, F, shiny|100/100|[from] Flip Turn\n|move|p2a: Spike Claw|Wish|p2a: Spike Claw\n|\n|-damage|p2a: Spike Claw|62/100 brn|[from] brn\n|upkeep\n|turn|20\n|\n|t:|1760791628\n|-end|p2a: Spike Claw|Protosynthesis|[silent]\n|switch|p2a: Overqwil|Overqwil, M|43/100\n|-ability|p2a: Overqwil|Intimidate|boost\n|-unboost|p1a: Blaziken|atk|1\n|move|p1a: Blaziken|Fire Punch|p2a: Overqwil\n|-damage|p2a: Overqwil|20/100\n|\n|-heal|p2a: Overqwil|81/100|[from] move: Wish|[wisher] Spike Claw\n|-ability|p1a: Blaziken|Speed Boost|boost\n|-boost|p1a: Blaziken|spe|1\n|upkeep\n|turn|21\n|\n|t:|1760791641\n|move|p1a: Blaziken|Earthquake|p2a: Overqwil\n|-supereffective|p2a: Overqwil\n|-enditem|p2a: Overqwil|Shuca Berry|[eat]\n|-enditem|p2a: Overqwil|Shuca Berry|[weaken]\n|-damage|p2a: Overqwil|57/100\n|move|p2a: Overqwil|Gunk Shot|p1a: Blaziken\n|-damage|p1a: Blaziken|5/100\n|\n|-ability|p1a: Blaziken|Speed Boost|boost\n|-boost|p1a: Blaziken|spe|1\n|upkeep\n|turn|22\n|\n|t:|1760791655\n|move|p1a: Blaziken|Earthquake|p2a: Overqwil\n|-supereffective|p2a: Overqwil\n|-damage|p2a: Overqwil|6/100\n|move|p2a: Overqwil|Liquidation|p1a: Blaziken\n|-supereffective|p1a: Blaziken\n|-damage|p1a: Blaziken|0 fnt\n|faint|p1a: Blaziken\n|\n|upkeep\n|\n|t:|1760791663\n|switch|p1a: Starmie|Starmie-Mega, M, shiny|100/100\n|turn|23\n|\n|t:|1760791690\n|switch|p2a: Iron Saw|Iron Saw, F|100/100\n|move|p1a: Starmie|Flip Turn|p2a: Iron Saw\n|-damage|p2a: Iron Saw|76/100\n|\n|t:|1760791697\n|switch|p1a: Celebi-Hell|Celebi-Hell, F, shiny|100/100|[from] Flip Turn\n|\n|upkeep\n|turn|24\n|\n|t:|1760791701\n|move|p2a: Iron Saw|Nature's Madness|p1a: Celebi-Hell\n|-damage|p1a: Celebi-Hell|50/100\n|move|p1a: Celebi-Hell|Stealth Rock|p2a: Iron Saw\n|-sidestart|p2: testingooooo|move: Stealth Rock\n|\n|-heal|p1a: Celebi-Hell|57/100|[from] item: Leftovers\n|upkeep\n|turn|25\n|\n|t:|1760791709\n|move|p2a: Iron Saw|Drill Run|p1a: Celebi-Hell\n|-supereffective|p1a: Celebi-Hell\n|-damage|p1a: Celebi-Hell|25/100\n|move|p1a: Celebi-Hell|U-turn|p2a: Iron Saw\n|-resisted|p2a: Iron Saw\n|-damage|p2a: Iron Saw|64/100\n|\n|t:|1760791715\n|switch|p1a: Zapdos|Zapdos, shiny|88/100|[from] U-turn\n|\n|upkeep\n|turn|26\n|\n|t:|1760791733\n|move|p2a: Iron Saw|U-turn|p1a: Zapdos\n|-resisted|p1a: Zapdos\n|-crit|p1a: Zapdos\n|-damage|p1a: Zapdos|75/100\n|\n|t:|1760791736\n|-end|p2a: Iron Saw|Quark Drive|[silent]\n|switch|p2a: Overqwil|Overqwil, M|6/100|[from] U-turn\n|-damage|p2a: Overqwil|0 fnt|[from] Stealth Rock\n|faint|p2a: Overqwil\n|move|p1a: Zapdos|Heat Wave|p2: Overqwil|[notarget]\n|-fail|p1a: Zapdos\n|\n|upkeep\n|\n|t:|1760791744\n|switch|p2a: Iron Boulder|Iron Boulder|100/100\n|-damage|p2a: Iron Boulder|88/100|[from] Stealth Rock\n|-enditem|p2a: Iron Boulder|Booster Energy\n|-activate|p2a: Iron Boulder|ability: Quark Drive|[fromitem]\n|-start|p2a: Iron Boulder|quarkdrivespe\n|turn|27\n|\n|t:|1760791748\n|-terastallize|p2a: Iron Boulder|Ground\n|move|p2a: Iron Boulder|Swords Dance|p2a: Iron Boulder\n|-boost|p2a: Iron Boulder|atk|2\n|move|p1a: Zapdos|U-turn|p2a: Iron Boulder\n|-damage|p2a: Iron Boulder|71/100\n|\n|t:|1760791751\n|switch|p1a: Silk Road|Araquanid, F, shiny|100/100|[from] U-turn\n|\n|upkeep\n|turn|28\n|\n|t:|1760791754\n|move|p2a: Iron Boulder|Mighty Cleave|p1a: Silk Road\n|-supereffective|p1a: Silk Road\n|-enditem|p1a: Silk Road|Charti Berry|[eat]\n|-enditem|p1a: Silk Road|Charti Berry|[weaken]\n|-damage|p1a: Silk Road|24/100\n|move|p1a: Silk Road|Liquidation|p2a: Iron Boulder\n|-supereffective|p2a: Iron Boulder\n|-damage|p2a: Iron Boulder|0 fnt\n|faint|p2a: Iron Boulder\n|-end|p2a: Iron Boulder|Quark Drive|[silent]\n|\n|upkeep\n|\n|t:|1760791784\n|switch|p2a: Iron Saw|Iron Saw, F|64/100\n|-damage|p2a: Iron Saw|58/100|[from] Stealth Rock\n|turn|29\n|\n|t:|1760791797\n|switch|p1a: Zapdos|Zapdos, shiny|75/100\n|move|p2a: Iron Saw|Thunder Punch|p1a: Zapdos\n|-damage|p1a: Zapdos|49/100\n|\n|upkeep\n|turn|30\n|\n|t:|1760791803\n|move|p2a: Iron Saw|U-turn|p1a: Zapdos\n|-resisted|p1a: Zapdos\n|-damage|p1a: Zapdos|41/100\n|\n|t:|1760791809\n|-end|p2a: Iron Saw|Quark Drive|[silent]\n|switch|p2a: Spike Claw|Spike Claw, M|62/100 brn|[from] U-turn\n|-damage|p2a: Spike Claw|50/100 brn|[from] Stealth Rock\n|move|p1a: Zapdos|Roost|p1a: Zapdos\n|-heal|p1a: Zapdos|91/100\n|-singleturn|p1a: Zapdos|move: Roost\n|\n|-damage|p2a: Spike Claw|44/100 brn|[from] brn\n|upkeep\n|turn|31\n|\n|t:|1760791815\n|switch|p1a: Silk Road|Araquanid, F, shiny|24/100\n|move|p2a: Spike Claw|Wish|p2a: Spike Claw\n|\n|-damage|p2a: Spike Claw|38/100 brn|[from] brn\n|upkeep\n|turn|32\n|\n|t:|1760791823\n|-end|p2a: Spike Claw|Protosynthesis|[silent]\n|switch|p2a: Crossblue|Crossblue, M|100/100\n|-damage|p2a: Crossblue|88/100|[from] Stealth Rock\n|move|p1a: Silk Road|Leech Life|p2a: Crossblue\n|-resisted|p2a: Crossblue\n|-damage|p2a: Crossblue|75/100\n|-heal|p1a: Silk Road|30/100|[from] drain|[of] p2a: Crossblue\n|\n|-heal|p2a: Crossblue|100/100|[from] move: Wish|[wisher] Spike Claw\n|upkeep\n|turn|33\n|\n|t:|1760791834\n|move|p2a: Crossblue|Pin Missile|p1a: Silk Road|[miss]\n|-miss|p2a: Crossblue|p1a: Silk Road\n|move|p1a: Silk Road|Liquidation|p2a: Crossblue\n|-damage|p2a: Crossblue|49/100\n|\n|upkeep\n|turn|34\n|\n|t:|1760791839\n|move|p2a: Crossblue|Pin Missile|p1a: Silk Road\n|-damage|p1a: Silk Road|20/100\n|-damage|p1a: Silk Road|10/100\n|-crit|p1a: Silk Road\n|-damage|p1a: Silk Road|0 fnt\n|faint|p1a: Silk Road\n|-ability|p2a: Crossblue|Moxie|boost\n|-boost|p2a: Crossblue|atk|1\n|-hitcount|p1: Silk Road|3\n|\n|upkeep\n|\n|t:|1760791844\n|switch|p1a: Starmie|Starmie-Mega, M, shiny|100/100\n|turn|35\n|c|☆testingooooo|im scarf\n|l|☆ElysianSoul222\n|player|p1|\n|j|☆ElysianSoul222\n|player|p1|ElysianSoul222|skierf|\n|c|☆ElysianSoul222|oops\n|\n|t:|1760791898\n|switch|p1a: Celebi-Hell|Celebi-Hell, F, shiny|25/100\n|switch|p2a: Spike Claw|Spike Claw, M|38/100 brn\n|-damage|p2a: Spike Claw|25/100 brn|[from] Stealth Rock\n|\n|-heal|p1a: Celebi-Hell|31/100|[from] item: Leftovers\n|-damage|p2a: Spike Claw|19/100 brn|[from] brn\n|upkeep\n|turn|36\n|c|☆testingooooo|i lied'\n|\n|t:|1760791906\n|move|p1a: Celebi-Hell|Recover|p1a: Celebi-Hell\n|-heal|p1a: Celebi-Hell|81/100\n|move|p2a: Spike Claw|Wish|p2a: Spike Claw\n|\n|-heal|p1a: Celebi-Hell|87/100|[from] item: Leftovers\n|-damage|p2a: Spike Claw|13/100 brn|[from] brn\n|upkeep\n|turn|37\n|c|☆ElysianSoul222|but I actually did not considered that as a possibility\n|\n|t:|1760791931\n|-end|p2a: Spike Claw|Protosynthesis|[silent]\n|switch|p2a: Crossblue|Crossblue, M|49/100\n|-damage|p2a: Crossblue|37/100|[from] Stealth Rock\n|move|p1a: Celebi-Hell|U-turn|p2a: Crossblue\n|-resisted|p2a: Crossblue\n|-damage|p2a: Crossblue|27/100\n|\n|t:|1760791955\n|switch|p1a: Zapdos|Zapdos, shiny|91/100|[from] U-turn\n|\n|-heal|p2a: Crossblue|99/100|[from] move: Wish|[wisher] Spike Claw\n|upkeep\n|turn|38\n|\n|t:|1760791959\n|switch|p2a: Spike Claw|Spike Claw, M|13/100 brn\n|-damage|p2a: Spike Claw|0 fnt|[from] Stealth Rock\n|faint|p2a: Spike Claw\n|-end|p2a: Spike Claw|Protosynthesis|[silent]\n|move|p1a: Zapdos|Heat Wave|p2: Spike Claw|[notarget]\n|-fail|p1a: Zapdos\n|\n|upkeep\n|\n|t:|1760791962\n|switch|p2a: Iron Saw|Iron Saw, F|58/100\n|-damage|p2a: Iron Saw|52/100|[from] Stealth Rock\n|turn|39\n|\n|t:|1760791968\n|move|p2a: Iron Saw|Nature's Madness|p1a: Zapdos\n|-damage|p1a: Zapdos|46/100\n|move|p1a: Zapdos|Heat Wave|p2a: Iron Saw|[miss]\n|-miss|p1a: Zapdos|p2a: Iron Saw\n|\n|upkeep\n|turn|40\n|\n|t:|1760791979\n|move|p2a: Iron Saw|Thunder Punch|p1a: Zapdos\n|-damage|p1a: Zapdos|17/100\n|move|p1a: Zapdos|Heat Wave|p2a: Iron Saw|[miss]\n|-miss|p1a: Zapdos|p2a: Iron Saw\n|\n|upkeep\n|turn|41\n|c|☆testingooooo|interesting\n|\n|t:|1760792013\n|move|p2a: Iron Saw|U-turn|p1a: Zapdos\n|-resisted|p1a: Zapdos\n|-damage|p1a: Zapdos|8/100\n|\n|t:|1760792015\n|-end|p2a: Iron Saw|Quark Drive|[silent]\n|switch|p2a: Crossblue|Crossblue, M|99/100|[from] U-turn\n|-damage|p2a: Crossblue|86/100|[from] Stealth Rock\n|move|p1a: Zapdos|Roost|p1a: Zapdos\n|-heal|p1a: Zapdos|58/100\n|-singleturn|p1a: Zapdos|move: Roost\n|\n|upkeep\n|turn|42\n|\n|t:|1760792035\n|move|p2a: Crossblue|Rock Blast|p1a: Zapdos\n|-supereffective|p1a: Zapdos\n|-damage|p1a: Zapdos|44/100\n|-supereffective|p1a: Zapdos\n|-damage|p1a: Zapdos|30/100\n|-supereffective|p1a: Zapdos\n|-damage|p1a: Zapdos|16/100\n|-supereffective|p1a: Zapdos\n|-damage|p1a: Zapdos|1/100\n|-hitcount|p1a: Zapdos|4\n|move|p1a: Zapdos|Roost|p1a: Zapdos\n|-heal|p1a: Zapdos|51/100\n|-singleturn|p1a: Zapdos|move: Roost\n|\n|upkeep\n|turn|43\n|\n|t:|1760792040\n|move|p2a: Crossblue|Rock Blast|p1a: Zapdos\n|-supereffective|p1a: Zapdos\n|-damage|p1a: Zapdos|37/100\n|-supereffective|p1a: Zapdos\n|-damage|p1a: Zapdos|23/100\n|-supereffective|p1a: Zapdos\n|-damage|p1a: Zapdos|8/100\n|-supereffective|p1a: Zapdos\n|-damage|p1a: Zapdos|0 fnt\n|faint|p1a: Zapdos\n|-ability|p2a: Crossblue|Moxie|boost\n|-boost|p2a: Crossblue|atk|1\n|-hitcount|p1: Zapdos|4\n|\n|upkeep\n|\n|t:|1760792052\n|switch|p1a: Starmie|Starmie-Mega, M, shiny|100/100\n|turn|44\n|\n|t:|1760792062\n|switch|p2a: Iron Saw|Iron Saw, F|52/100\n|-damage|p2a: Iron Saw|45/100|[from] Stealth Rock\n|move|p1a: Starmie|Psychic|p2a: Iron Saw\n|-resisted|p2a: Iron Saw\n|-damage|p2a: Iron Saw|11/100\n|\n|upkeep\n|turn|45\n|\n|t:|1760792082\n|move|p2a: Iron Saw|Nature's Madness|p1a: Starmie\n|-damage|p1a: Starmie|51/100\n|move|p1a: Starmie|Scald|p2a: Iron Saw\n|-damage|p2a: Iron Saw|0 fnt\n|faint|p2a: Iron Saw\n|-end|p2a: Iron Saw|Quark Drive|[silent]\n|\n|upkeep\n|c|☆testingooooo|ggz\n|c|☆ElysianSoul222|I think I live jolly\n|-message|testingooooo forfeited.\n|\n|win|ElysianSoul222\n|c|☆ElysianSoul222|gg\n|c|☆testingooooo|yes u do\n|c|☆testingooooo|sash araq needed\n|c|☆ElysianSoul222|oh wow\n|c|☆testingooooo|best to keep t spikes from oqwil off\n|c|☆ElysianSoul222|kinda crazy\n|c|☆ElysianSoul222|yeah\n|c|☆ElysianSoul222|if they are brave enough to bring tspikes\n|c|☆ElysianSoul222|into spin hell bi\n|c|☆ElysianSoul222|or pech\n|c|☆testingooooo|yeah as long as u do that u good\n|c|☆ElysianSoul222|or defog zap\n|c|☆ElysianSoul222|then\n|c|☆ElysianSoul222|they are good\n|c|☆testingooooo|lemme tweak one more time\n|c|☆ElysianSoul222|okay\n","players":["ElysianSoul222","testingooooo"],"format":"[Gen 9] NatDex Draft","rating":null,"private":1,"password":"ac12kuri1wvbttut7ae2k7brtv49a6m","inputlog":">version 266cd7969f11373d44307dd452d2e51e08c39070\n>start {\"formatid\":\"gen9natdexdraft@@@Tera Type Preview\",\"seed\":\"sodium,80a6d79c9fdbeb88944422ee6afb5a3b\"}\n>player p1 {\"name\":\"ElysianSoul222\",\"avatar\":\"skierf\",\"team\":\"Flutter Lame||BoosterEnergy|Protosynthesis|CalmMind,Moonblast,ShadowBall,Psyshock|Modest|20,,,252,,236|M|,0,,,,|S||,,,,,Ghost]Blaziken||ExpertBelt|SpeedBoost|Protect,ThunderPunch,Earthquake,FirePunch|Jolly|,252,,,4,252|F||S||,,,,,Electric]Celebi-Hell||Leftovers|MotorDrive|StealthRock,Uturn,IronHead,Recover|Impish|252,,160,,,96|F||S||,,,,,Steel]Zapdos||HeavyDutyBoots|Static|Uturn,Discharge,HeatWave,Roost|Bold|252,,160,,,96|N||S||,,,,,Electric]Starmie||Starmite|NaturalCure|Scald,FlipTurn,Psychic,RapidSpin|Timid|88,,,252,,168|M||S||,,,,,Water]Silk Road|Araquanid|ChartiBerry|WaterBubble|StickyWeb,Liquidation,LeechLife,Infestation|Impish|252,,252,,,4|F||S||,,,,,Water\",\"rating\":0}\n>player p2 {\"name\":\"testingooooo\",\"avatar\":\"265\",\"team\":\"Iron Saw||ProtectivePads|QuarkDrive|ThunderPunch,Uturn,NaturesMadness,DrillRun|Jolly|,252,,,24,232|F||||,,,,,Electric]Crossblue||LoadedDice|Moxie|RockBlast,PinMissile,Earthquake,SwordsDance|Jolly|,252,,,4,252|M||||,,,,,Bug]Drifblim-Hell||DrifblimiteHell|PoisonPoint|StrengthSap,Surf,Defog,NastyPlot|Bold|160,,252,8,88,|M|,0,,,,|||,,,,,Water]Spike Claw||LaggingTail|Protosynthesis|Wish,Switcheroo,LeechSeed,Protect|Careful|252,,4,,252,|M|,0,,,,|||,,,,,Grass]Iron Boulder||BoosterEnergy|QuarkDrive|Earthquake,MightyCleave,SwordsDance,SacredSword|Jolly|,252,,,4,252|N||||,Fighting,,,,Ground]Overqwil||ShucaBerry|Intimidate|ToxicSpikes,GunkShot,SwordsDance,Liquidation|Adamant|252,252,,,4,|M||||,,,,,Dark\",\"rating\":0}\n>chat ☆testingooooo|aight\n>chat ☆ElysianSoul222|hf\n>chat ☆testingooooo|hff\n>p1 team 2, 1, 3, 4, 5, 6\n>p2 team 4, 2, 3, 1, 5, 6\n>p1 move protect\n>p2 move switcheroo\n>p1 switch 5\n>p2 switch 6\n>p1 move scald mega\n>p2 move toxicspikes\n>p1 move rapidspin\n>p2 switch 6\n>chat ☆testingooooo|oh na\n>chat ☆testingooooo|forgor\n>p1 switch 4\n>p2 move leechseed\n>p1 move uturn\n>p2 move protect\n>p1 move uturn\n>p2 switch 3\n>chat ☆testingooooo|rip no psn point\n>chat ☆ElysianSoul222|oof\n>chat ☆ElysianSoul222|poison point\n>chat ☆ElysianSoul222|true\n>p1 switch 4\n>p1 move psychic\n>p2 switch 3\n>p1 move flipturn\n>p2 move wish\n>p1 switch 4\n>p1 move heatwave\n>p2 move leechseed\n>p1 move roost\n>p2 move wish\n>p1 switch 4\n>p2 move protect\n>p1 move scald\n>p2 move leechseed\n>p1 move psychic\n>p2 move leechseed\n>p1 move rapidspin\n>p2 move wish\n>p1 move scald\n>p2 move protect\n>p1 move psychic\n>p2 move wish\n>p1 move scald\n>p2 move protect\n>p1 move flipturn\n>p2 move wish\n>p1 switch 5\n>p1 move firepunch\n>p2 switch 6\n>p1 move earthquake\n>p2 move gunkshot\n>p1 move earthquake\n>p2 move liquidation\n>p1 switch 5\n>p1 move flipturn\n>p2 switch 4\n>p1 switch 3\n>p1 move stealthrock\n>p2 move naturesmadness\n>p1 move uturn\n>p2 move drillrun\n>p1 switch 4\n>p1 move heatwave\n>p2 move uturn\n>p2 switch 4\n>p2 switch 5\n>p1 move uturn\n>p2 move swordsdance terastallize\n>p1 switch 6\n>p1 move liquidation\n>p2 move mightycleave\n>p2 switch 4\n>p1 switch 6\n>p2 move thunderpunch\n>p1 move roost\n>p2 move uturn\n>p2 switch 6\n>p1 switch 6\n>p2 move wish\n>p1 move leechlife\n>p2 switch 2\n>p1 move liquidation\n>p2 move pinmissile\n>p1 move liquidation\n>p2 move pinmissile\n>p1 switch 3\n>chat ☆testingooooo|im scarf\n>chat ☆ElysianSoul222|oops\n>p1 switch 4\n>p2 switch 2\n>chat ☆testingooooo|i lied'\n>p1 move recover\n>p2 move wish\n>chat ☆ElysianSoul222|but I actually did not considered that as a possibility\n>p1 move uturn\n>p2 switch 2\n>p1 switch 6\n>p1 move heatwave\n>p2 switch 2\n>p2 switch 6\n>p1 move heatwave\n>p2 move naturesmadness\n>p1 move heatwave\n>p2 move thunderpunch\n>chat ☆testingooooo|interesting\n>p1 move roost\n>p2 move uturn\n>p2 switch 2\n>p1 move roost\n>p2 move rockblast\n>p1 move heatwave\n>p2 move rockblast\n>p1 switch 4\n>p1 move psychic\n>p2 switch 2\n>p1 move scald\n>p2 move naturesmadness\n>chat ☆testingooooo|ggz\n>chat ☆ElysianSoul222|I think I live jolly\n>forcelose p2","uploadtime":1760792151}