{"id":"gen9natdexdraft-480","log":"|j|☆Tapuplayz\n|j|☆umbreonreallysucks\n|t:|1763565065\n|gametype|singles\n|player|p1|Tapuplayz|benga|\n|player|p2|umbreonreallysucks|102|\n|gen|9\n|tier|[Gen 9] NatDex Draft\n|rule|Tera Type Preview: Tera Types are shown at Team Preview\n|rule|Sleep Clause Mod: Limit one foe put to sleep\n|rule|OHKO Clause: OHKO moves are banned\n|rule|Evasion Clause: Evasion abilities, items, and moves are banned\n|rule|Evasion Abilities Clause: Evasion abilities are banned\n|rule|Evasion Items Clause: Evasion items are banned\n|rule|Evasion Moves Clause: Evasion moves are banned\n|rule|Endless Battle Clause: Forcing endless battles is banned\n|rule|HP Percentage Mod: HP is shown in percentages\n|raw|<div class=\"infobox\"><details class=\"readmore\" open><summary><strong>1 custom rule:</strong></summary> Tera Type Preview</details></div>\n|clearpoke\n|poke|p1|Ogerpon-Hearthflame, F|\n|poke|p1|Thundurus, M|\n|poke|p1|Garchomp, F|\n|poke|p1|Marshydow, M|\n|poke|p1|Toxtricity, M|\n|poke|p1|Primarina, F|\n|poke|p2|Ho-Ho, M|\n|poke|p2|Probenose, M|\n|poke|p2|Clashing Teeth, F|\n|poke|p2|Diamoneye, M|\n|poke|p2|Aurorus, F|\n|poke|p2|Reuniclus-Hell, M|\n|raw|Tapuplayz's Tera Types:<br /><psicon pokemon=\"ogerponhearthflame\" /><psicon type=\"Fire\" /> / <psicon pokemon=\"thundurus\" /><psicon type=\"Electric\" /> / <psicon pokemon=\"garchomp\" /><psicon type=\"Dragon\" /> / <psicon pokemon=\"marshydow\" /><psicon type=\"Ghost\" /> / <psicon pokemon=\"toxtricity\" /><psicon type=\"Electric\" /> / <psicon pokemon=\"primarina\" /><psicon type=\"Water\" />\n|raw|umbreonreallysucks's Tera Types:<br /><psicon pokemon=\"hoho\" /><psicon type=\"Dragon\" /> / <psicon pokemon=\"probenose\" /><psicon type=\"Electric\" /> / <psicon pokemon=\"clashingteeth\" /><psicon type=\"Ground\" /> / <psicon pokemon=\"diamoneye\" /><psicon type=\"Ghost\" /> / <psicon pokemon=\"aurorus\" /><psicon type=\"Dragon\" /> / <psicon pokemon=\"reuniclushell\" /><psicon type=\"Normal\" />\n|teampreview\n|c|☆umbreonreallysucks|glhf\n|\n|t:|1763565083\n|teamsize|p1|6\n|teamsize|p2|6\n|start\n|switch|p1a: Thundurus|Thundurus, M|100/100\n|switch|p2a: Aurorus|Aurorus, F|100/100\n|-weather|Snowscape|[from] ability: Snow Warning|[of] p2a: Aurorus\n|turn|1\n|c|☆Tapuplayz|you too\n|\n|t:|1763565094\n|move|p1a: Thundurus|Thunder Wave|p2a: Aurorus\n|-status|p2a: Aurorus|par\n|move|p2a: Aurorus|Stealth Rock|p1a: Thundurus\n|-sidestart|p1: Tapuplayz|move: Stealth Rock\n|\n|-weather|Snowscape|[upkeep]\n|upkeep\n|turn|2\n|\n|t:|1763565102\n|move|p1a: Thundurus|Taunt|p2a: Aurorus\n|-start|p2a: Aurorus|move: Taunt\n|cant|p2a: Aurorus|par\n|\n|-weather|Snowscape|[upkeep]\n|upkeep\n|turn|3\n|\n|t:|1763565107\n|move|p1a: Thundurus|Wildbolt Storm|p2a: Aurorus\n|-damage|p2a: Aurorus|60/100 par\n|cant|p2a: Aurorus|par\n|\n|-weather|Snowscape|[upkeep]\n|upkeep\n|turn|4\n|\n|t:|1763565113\n|move|p1a: Thundurus|Wildbolt Storm|p2a: Aurorus|[miss]\n|-miss|p1a: Thundurus|p2a: Aurorus\n|move|p2a: Aurorus|Blizzard|p1a: Thundurus\n|-supereffective|p1a: Thundurus\n|-damage|p1a: Thundurus|0 fnt\n|faint|p1a: Thundurus\n|\n|-weather|Snowscape|[upkeep]\n|-end|p2a: Aurorus|move: Taunt\n|upkeep\n|\n|t:|1763565122\n|switch|p1a: Marshydow|Marshydow, M|100/100\n|-damage|p1a: Marshydow|94/100|[from] Stealth Rock\n|turn|5\n|\n|t:|1763565148\n|switch|p2a: Ho-Ho|Ho-Ho, M|100/100\n|move|p1a: Marshydow|Drain Punch|p2a: Ho-Ho\n|-resisted|p2a: Ho-Ho\n|-damage|p2a: Ho-Ho|82/100\n|-heal|p1a: Marshydow|100/100|[from] drain|[of] p2a: Ho-Ho\n|-damage|p1a: Marshydow|91/100|[from] item: Life Orb\n|\n|-weather|none\n|upkeep\n|turn|6\n|\n|t:|1763565170\n|move|p1a: Marshydow|Spectral Thief|p2a: Ho-Ho\n|-damage|p2a: Ho-Ho|35/100\n|-damage|p1a: Marshydow|81/100|[from] item: Life Orb\n|move|p2a: Ho-Ho|Sacred Fire|p1a: Marshydow\n|-damage|p1a: Marshydow|30/100\n|\n|upkeep\n|turn|7\n|\n|t:|1763565190\n|switch|p2a: Reuniclus-Hell|Reuniclus-Hell, M|100/100\n|move|p1a: Marshydow|Spectral Thief|p2a: Reuniclus-Hell\n|-immune|p2a: Reuniclus-Hell\n|\n|upkeep\n|turn|8\n|\n|t:|1763565205\n|move|p1a: Marshydow|Drain Punch|p2a: Reuniclus-Hell\n|-damage|p2a: Reuniclus-Hell|62/100\n|-heal|p1a: Marshydow|56/100|[from] drain|[of] p2a: Reuniclus-Hell\n|-damage|p1a: Marshydow|46/100|[from] item: Life Orb\n|move|p2a: Reuniclus-Hell|Trick Room|p2a: Reuniclus-Hell\n|-fieldstart|move: Trick Room|[of] p2a: Reuniclus-Hell\n|\n|upkeep\n|turn|9\n|\n|t:|1763565216\n|move|p2a: Reuniclus-Hell|Moonblast|p1a: Marshydow\n|-supereffective|p1a: Marshydow\n|-crit|p1a: Marshydow\n|-damage|p1a: Marshydow|0 fnt\n|faint|p1a: Marshydow\n|\n|upkeep\n|\n|t:|1763565221\n|switch|p1a: Toxtricity|Toxtricity, M|100/100\n|-damage|p1a: Toxtricity|88/100|[from] Stealth Rock\n|turn|10\n|\n|t:|1763565232\n|switch|p2a: Probenose|Probenose, M|100/100\n|detailschange|p1a: Toxtricity|Toxtricity-Mega, M\n|-mega|p1a: Toxtricity|Toxtricity|Toxtricite\n|-ability|p1a: Toxtricity|Boots of Ruin\n|move|p1a: Toxtricity|Boomburst|p2a: Probenose\n|-resisted|p2a: Probenose\n|-damage|p2a: Probenose|79/100\n|\n|upkeep\n|turn|11\n|\n|t:|1763565242\n|switch|p1a: Garchomp|Garchomp, F|100/100\n|-damage|p1a: Garchomp|94/100|[from] Stealth Rock\n|move|p2a: Probenose|Earth Power|p1a: Garchomp\n|-damage|p1a: Garchomp|76/100\n|\n|upkeep\n|turn|12\n|\n|t:|1763565254\n|switch|p2a: Ho-Ho|Ho-Ho, M|69/100\n|move|p1a: Garchomp|Stealth Rock|p2a: Ho-Ho\n|-sidestart|p2: umbreonreallysucks|move: Stealth Rock\n|\n|-fieldend|move: Trick Room\n|upkeep\n|turn|13\n|\n|t:|1763565276\n|move|p1a: Garchomp|Fire Fang|p2a: Ho-Ho\n|-resisted|p2a: Ho-Ho\n|-damage|p2a: Ho-Ho|60/100\n|move|p2a: Ho-Ho|Sacred Fire|p1a: Garchomp\n|-resisted|p1a: Garchomp\n|-damage|p1a: Garchomp|57/100\n|\n|upkeep\n|turn|14\n|\n|t:|1763565284\n|move|p1a: Garchomp|Dragon Claw|p2a: Ho-Ho\n|-damage|p2a: Ho-Ho|24/100\n|move|p2a: Ho-Ho|Sacred Fire|p1a: Garchomp\n|-resisted|p1a: Garchomp\n|-damage|p1a: Garchomp|39/100\n|-status|p1a: Garchomp|brn\n|\n|-damage|p1a: Garchomp|33/100 brn|[from] brn\n|upkeep\n|turn|15\n|\n|t:|1763565297\n|switch|p2a: Reuniclus-Hell|Reuniclus-Hell, M|62/100\n|move|p1a: Garchomp|Dragon Claw|p2a: Reuniclus-Hell\n|-immune|p2a: Reuniclus-Hell\n|\n|-damage|p1a: Garchomp|27/100 brn|[from] brn\n|upkeep\n|turn|16\n|\n|t:|1763565318\n|move|p1a: Garchomp|Earthquake|p2a: Reuniclus-Hell\n|-damage|p2a: Reuniclus-Hell|43/100\n|move|p2a: Reuniclus-Hell|Hyper Voice|p1a: Garchomp\n|-damage|p1a: Garchomp|0 fnt\n|faint|p1a: Garchomp\n|\n|upkeep\n|\n|t:|1763565325\n|switch|p1a: Toxtricity|Toxtricity-Mega, M|88/100\n|-damage|p1a: Toxtricity|76/100|[from] Stealth Rock\n|-ability|p1a: Toxtricity|Boots of Ruin\n|turn|17\n|\n|t:|1763565332\n|switch|p2a: Probenose|Probenose, M|79/100\n|-damage|p2a: Probenose|73/100|[from] Stealth Rock\n|move|p1a: Toxtricity|Boomburst|p2a: Probenose\n|-resisted|p2a: Probenose\n|-damage|p2a: Probenose|47/100\n|-enditem|p2a: Probenose|Sitrus Berry|[eat]\n|-heal|p2a: Probenose|72/100|[from] item: Sitrus Berry\n|\n|upkeep\n|turn|18\n|\n|t:|1763565341\n|move|p1a: Toxtricity|Boomburst|p2a: Probenose\n|-resisted|p2a: Probenose\n|-damage|p2a: Probenose|49/100\n|move|p2a: Probenose|Rapid Spin|p1a: Toxtricity\n|-damage|p1a: Toxtricity|68/100\n|-boost|p2a: Probenose|spe|1\n|-sideend|p2: umbreonreallysucks|Stealth Rock|[from] move: Rapid Spin|[of] p2a: Probenose\n|\n|upkeep\n|turn|19\n|\n|t:|1763565350\n|move|p1a: Toxtricity|Boomburst|p2a: Probenose\n|-resisted|p2a: Probenose\n|-damage|p2a: Probenose|26/100\n|move|p2a: Probenose|Earth Power|p1a: Toxtricity\n|-supereffective|p1a: Toxtricity\n|-damage|p1a: Toxtricity|35/100\n|-unboost|p1a: Toxtricity|spd|1\n|\n|upkeep\n|turn|20\n|\n|t:|1763565359\n|move|p1a: Toxtricity|Boomburst|p2a: Probenose\n|-resisted|p2a: Probenose\n|-damage|p2a: Probenose|3/100\n|move|p2a: Probenose|Volt Switch|p1a: Toxtricity\n|-damage|p1a: Toxtricity|6/100\n|\n|t:|1763565370\n|switch|p2a: Diamoneye|Diamoneye, M|100/100|[from] Volt Switch\n|\n|upkeep\n|turn|21\n|\n|t:|1763565377\n|detailschange|p2a: Diamoneye|Diamoneye-Mega, M\n|-mega|p2a: Diamoneye|Diamoneye|Diamoneyite\n|-ability|p2a: Diamoneye|Unnerve\n|move|p2a: Diamoneye|Shadow Ball|p1a: Toxtricity\n|-immune|p1a: Toxtricity\n|move|p1a: Toxtricity|Overdrive|p2a: Diamoneye\n|-damage|p2a: Diamoneye|61/100\n|\n|upkeep\n|turn|22\n|c|☆umbreonreallysucks|oopd\n|\n|t:|1763565386\n|move|p2a: Diamoneye|Dark Pulse|p1a: Toxtricity\n|-damage|p1a: Toxtricity|0 fnt\n|faint|p1a: Toxtricity\n|detailschange|p1: Toxtricity|Toxtricity, M|[silent]\n|\n|upkeep\n|c|☆umbreonreallysucks|oops\n|\n|t:|1763565390\n|switch|p1a: Primarina|Primarina, F|100/100\n|-damage|p1a: Primarina|88/100|[from] Stealth Rock\n|turn|23\n|c|☆umbreonreallysucks|lol\n|\n|t:|1763565403\n|move|p2a: Diamoneye|Energy Ball|p1a: Primarina\n|-supereffective|p1a: Primarina\n|-damage|p1a: Primarina|27/100\n|move|p1a: Primarina|Moonblast|p2a: Diamoneye\n|-supereffective|p2a: Diamoneye\n|-damage|p2a: Diamoneye|0 fnt\n|faint|p2a: Diamoneye\n|detailschange|p2: Diamoneye|Diamoneye, M|[silent]\n|\n|-heal|p1a: Primarina|33/100|[from] item: Leftovers\n|upkeep\n|\n|t:|1763565412\n|switch|p2a: Clashing Teeth|Clashing Teeth, F|100/100\n|turn|24\n|\n|t:|1763565418\n|move|p2a: Clashing Teeth|Earthquake|p1a: Primarina\n|-crit|p1a: Primarina\n|-damage|p1a: Primarina|0 fnt\n|faint|p1a: Primarina\n|\n|upkeep\n|\n|t:|1763565423\n|switch|p1a: Ogerpon|Ogerpon-Hearthflame, F|100/100\n|-damage|p1a: Ogerpon|76/100|[from] Stealth Rock\n|-ability|p1a: Ogerpon|Mold Breaker\n|turn|25\n|\n|t:|1763565428\n|move|p2a: Clashing Teeth|Earthquake|p1a: Ogerpon\n|-damage|p1a: Ogerpon|0 fnt\n|faint|p1a: Ogerpon\n|\n|win|umbreonreallysucks\n|c|☆umbreonreallysucks|gg\n|c|☆Tapuplayz|gg\n","players":["Tapuplayz","umbreonreallysucks"],"format":"[Gen 9] NatDex Draft","rating":null,"private":0,"password":null,"inputlog":">version bda41b09cd31ac6b2654126193925bf16eb3bbee\n>start {\"formatid\":\"gen9natdexdraft@@@Tera Type Preview\",\"seed\":\"sodium,4698e51380402094fb4273edc1c6c97e\"}\n>player p1 {\"name\":\"Tapuplayz\",\"avatar\":\"benga\",\"team\":\"Ogerpon|OgerponHearthflame|HearthflameMask|MoldBreaker|IvyCudgel,HornLeech,PlayRough,KnockOff|Jolly|,252,,,4,252|F||||,Poison,,,,Fire]Thundurus||HeavyDutyBoots|Prankster|ThunderWave,WildboltStorm,Taunt,Psychic|Timid|,,,252,4,252|M|,0,,,,|||,,,,,Electric]Garchomp||RockyHelmet|RoughSkin|StealthRock,DragonClaw,Earthquake,FireFang|Jolly|,252,,,4,252|F||||,,,,,Dragon]Marshydow||LifeOrb|Technician|DrainPunch,IcePunch,ShadowSneak,SpectralThief|Jolly|,252,,,4,252|M||||,,,,,Ghost]Toxtricity||Toxtricite|PunkRock|Boomburst,Overdrive,SludgeBomb,Toxic|Modest|252,,,252,4,|M|,0,,,,|||,,,,,Electric]Primarina||Leftovers|LiquidVoice|HyperVoice,IcyWind,Moonblast,Encore|Modest|252,,,252,4,|F|,0,,,,|||,,,,,Water\",\"rating\":0}\n>player p2 {\"name\":\"umbreonreallysucks\",\"avatar\":\"102\",\"team\":\"Ho-Ho||HeavyDutyBoots|Regenerator|SacredFire,BraveBird,Earthquake,Whirlwind|Impish|252,4,252,,,|M||||,,,,,Dragon]Probenose||SitrusBerry|Levitate|FlashCannon,EarthPower,VoltSwitch,RapidSpin|Calm|248,,,8,252,|M||||,,,,,Electric]Clashing Teeth||ChoiceBand|Protosynthesis|Earthquake,DragonClaw,ExtremeSpeed,FlipTurn|Jolly|16,252,,,,240|F||||,,,,,Ground]Diamoneye||Diamoneyite|Pickpocket|ShadowBall,DarkPulse,EnergyBall,DestinyBond|Modest|26,,,252,,230|M|,0,,,,|||,,,,,Ghost]Aurorus||FocusSash|SnowWarning|Blizzard,FreezeDry,AuroraVeil,StealthRock|Modest|252,,4,252,,|F|,0,,,,|||,,,,,Dragon]Reuniclus-Hell||LifeOrb|MagicGuard|Moonblast,HyperVoice,Recover,TrickRoom|Quiet|248,,200,60,,|M|,0,,,,|||,,,,,Normal\",\"rating\":0}\n>chat ☆umbreonreallysucks|glhf\n>p1 team 2, 1, 3, 4, 5, 6\n>p2 team 5, 2, 3, 4, 1, 6\n>chat ☆Tapuplayz|you too\n>p1 move thunderwave\n>p2 move stealthrock\n>p1 move taunt\n>p2 move blizzard\n>p1 move wildboltstorm\n>p2 move blizzard\n>p1 move wildboltstorm\n>p2 move blizzard\n>p1 switch 4\n>p1 move drainpunch\n>p2 switch 5\n>p1 move spectralthief\n>p2 move sacredfire\n>p1 move spectralthief\n>p2 switch 6\n>p1 move drainpunch\n>p2 move trickroom\n>p1 move drainpunch\n>p2 move moonblast\n>p1 switch 5\n>p1 move boomburst mega\n>p2 switch 2\n>p1 switch 3\n>p2 move earthpower\n>p1 move stealthrock\n>p2 switch 6\n>p1 move firefang\n>p2 move sacredfire\n>p1 move dragonclaw\n>p2 move sacredfire\n>p1 move dragonclaw\n>p2 switch 2\n>p1 move earthquake\n>p2 move hypervoice\n>p1 switch 3\n>p1 move boomburst\n>p2 switch 6\n>p1 move boomburst\n>p2 move rapidspin\n>p1 move boomburst\n>p2 move earthpower\n>p1 move boomburst\n>p2 move voltswitch\n>p2 switch 4\n>p1 move overdrive\n>p2 move shadowball mega\n>chat ☆umbreonreallysucks|oopd\n>p1 move overdrive\n>p2 move darkpulse\n>chat ☆umbreonreallysucks|oops\n>p1 switch 6\n>chat ☆umbreonreallysucks|lol\n>p1 move moonblast\n>p2 move energyball\n>p2 switch 3\n>p1 move icywind\n>p2 move earthquake\n>p1 switch 2\n>p1 move playrough\n>p2 move earthquake","uploadtime":1763565462}