{"id":"gen9natdexdraft-79","log":"|j|☆wizzz7\n|j|☆Ollieboy789\n|t:|1760647614\n|gametype|singles\n|player|p1|wizzz7|169|\n|player|p2|Ollieboy789|1|\n|gen|9\n|tier|[Gen 9] NatDex Draft\n|rule|Tera Type Preview: Tera Types are shown at Team Preview\n|rule|Sleep Clause Mod: Limit one foe put to sleep\n|rule|OHKO Clause: OHKO moves are banned\n|rule|Evasion Clause: Evasion abilities, items, and moves are banned\n|rule|Evasion Abilities Clause: Evasion abilities are banned\n|rule|Evasion Items Clause: Evasion items are banned\n|rule|Evasion Moves Clause: Evasion moves are banned\n|rule|Endless Battle Clause: Forcing endless battles is banned\n|rule|HP Percentage Mod: HP is shown in percentages\n|raw|<div class=\"infobox\"><details class=\"readmore\" open><summary><strong>1 custom rule:</strong></summary> Tera Type Preview</details></div>\n|clearpoke\n|poke|p1|Celebi-Hell, M|\n|poke|p1|Samurott-Hisui, M|\n|poke|p1|Sinistcha|\n|poke|p1|Tornadus-Therian, M|\n|poke|p1|Infernape, F|\n|poke|p1|Slowking-Galar, M|\n|poke|p2|Great Tusk|\n|poke|p2|Roserade-Hell, F|\n|poke|p2|Gholdengo|\n|poke|p2|Glimmora, F|\n|poke|p2|Bronzong|\n|poke|p2|Cloyster, F|\n|raw|wizzz7's Tera Types:<br /><psicon pokemon=\"celebihell\" /><psicon type=\"Steel\" /> / <psicon pokemon=\"samurotthisui\" /><psicon type=\"Water\" /> / <psicon pokemon=\"sinistcha\" /><psicon type=\"Grass\" /> / <psicon pokemon=\"tornadustherian\" /><psicon type=\"Ground\" /> / <psicon pokemon=\"infernape\" /><psicon type=\"Fire\" /> / <psicon pokemon=\"slowkinggalar\" /><psicon type=\"Poison\" />\n|raw|Ollieboy789's Tera Types:<br /><psicon pokemon=\"greattusk\" /><psicon type=\"Fire\" /> / <psicon pokemon=\"roseradehell\" /><psicon type=\"Dark\" /> / <psicon pokemon=\"gholdengo\" /><psicon type=\"Steel\" /> / <psicon pokemon=\"glimmora\" /><psicon type=\"Poison\" /> / <psicon pokemon=\"bronzong\" /><psicon type=\"Steel\" /> / <psicon pokemon=\"cloyster\" /><psicon type=\"Water\" />\n|teampreview\n|c|☆Ollieboy789|hf\n|c|☆wizzz7|gl hf\n|j| The_Shawdoin\n|\n|t:|1760647717\n|teamsize|p1|6\n|teamsize|p2|6\n|start\n|switch|p1a: 50|Samurott-Hisui, M|100/100\n|switch|p2a: Cloyster|Cloyster, F|100/100\n|turn|1\n|\n|t:|1760647766\n|move|p1a: 50|Ceaseless Edge|p2a: Cloyster\n|-damage|p2a: Cloyster|70/100\n|-sidestart|p2: Ollieboy789|Spikes\n|move|p2a: Cloyster|Spikes|p1a: 50\n|-sidestart|p1: wizzz7|Spikes\n|\n|upkeep\n|turn|2\n|\n|t:|1760647773\n|move|p1a: 50|Ceaseless Edge|p2a: Cloyster\n|-damage|p2a: Cloyster|37/100\n|-sidestart|p2: Ollieboy789|Spikes\n|move|p2a: Cloyster|Rapid Spin|p1a: 50\n|-damage|p1a: 50|80/100\n|-boost|p2a: Cloyster|spe|1\n|-sideend|p2: Ollieboy789|Spikes|[from] move: Rapid Spin|[of] p2a: Cloyster\n|\n|upkeep\n|turn|3\n|\n|t:|1760647780\n|move|p1a: 50|Ceaseless Edge|p2a: Cloyster\n|-damage|p2a: Cloyster|8/100\n|-sidestart|p2: Ollieboy789|Spikes\n|move|p2a: Cloyster|Spikes|p1a: 50\n|-sidestart|p1: wizzz7|Spikes\n|\n|upkeep\n|turn|4\n|-enditem|p2a: Cloyster|Custap Berry|[eat]\n|-activate|p2a: Cloyster|item: Custap Berry|[consumed]\n|\n|t:|1760647792\n|move|p2a: Cloyster|Explosion|p1a: 50\n|-damage|p1a: 50|0 fnt\n|faint|p2a: Cloyster\n|faint|p1a: 50\n|\n|upkeep\n|\n|t:|1760647810\n|switch|p1a: 20|Tornadus-Therian, M|100/100\n|switch|p2a: Gholdengo|Gholdengo|100/100\n|-damage|p2a: Gholdengo|88/100|[from] Spikes\n|turn|5\n|\n|t:|1760647876\n|move|p1a: 20|Knock Off|p2a: Gholdengo\n|-supereffective|p2a: Gholdengo\n|-damage|p2a: Gholdengo|50/100\n|-enditem|p2a: Gholdengo|Choice Specs|[from] move: Knock Off|[of] p1a: 20\n|move|p2a: Gholdengo|Make It Rain|p1a: 20\n|-damage|p1a: 20|30/100\n|-unboost|p2a: Gholdengo|spa|1\n|\n|upkeep\n|turn|6\n|\n|t:|1760647888\n|move|p1a: 20|U-turn|p2a: Gholdengo\n|-resisted|p2a: Gholdengo\n|-damage|p2a: Gholdengo|47/100\n|\n|t:|1760647903\n|switch|p1a: 40|Slowking-Galar, M|100/100|[from] U-turn\n|-damage|p1a: 40|84/100|[from] Spikes\n|move|p2a: Gholdengo|Shadow Ball|p1a: 40\n|-supereffective|p1a: 40\n|-damage|p1a: 40|59/100\n|\n|upkeep\n|turn|7\n|\n|t:|1760647930\n|move|p2a: Gholdengo|Trick|p1a: 40\n|-activate|p2a: Gholdengo|move: Trick|[of] p1a: 40\n|-enditem|p1a: 40|Assault Vest|[silent]|[from] move: Trick\n|-item|p2a: Gholdengo|Assault Vest|[from] move: Trick\n|move|p1a: 40|Future Sight|p2a: Gholdengo\n|-start|p1a: 40|move: Future Sight\n|\n|upkeep\n|turn|8\n|\n|t:|1760647936\n|move|p2a: Gholdengo|Shadow Ball|p1a: 40\n|-supereffective|p1a: 40\n|-damage|p1a: 40|24/100\n|move|p1a: 40|Shadow Ball|p2a: Gholdengo\n|-supereffective|p2a: Gholdengo\n|-damage|p2a: Gholdengo|21/100\n|\n|upkeep\n|turn|9\n|\n|t:|1760647944\n|switch|p1a: 20|Tornadus-Therian, M|63/100\n|move|p2a: Gholdengo|Shadow Ball|p1a: 20\n|-damage|p1a: 20|32/100\n|\n|-end|p2a: Gholdengo|move: Future Sight\n|-resisted|p2a: Gholdengo\n|-crit|p2a: Gholdengo\n|-damage|p2a: Gholdengo|0 fnt\n|faint|p2a: Gholdengo\n|upkeep\n|\n|t:|1760648002\n|switch|p2a: Roserade-Hell|Roserade-Hell, F|100/100\n|-damage|p2a: Roserade-Hell|88/100|[from] Spikes\n|turn|10\n|\n|t:|1760648012\n|switch|p1a: 12|Celebi-Hell, M|100/100\n|detailschange|p2a: Roserade-Hell|Roserade-Hell-Mega, F\n|-mega|p2a: Roserade-Hell|Roserade-Hell|Roseradite HELL\n|move|p2a: Roserade-Hell|Wicked Blow|p1a: 12\n|-resisted|p1a: 12\n|-crit|p1a: 12\n|-damage|p1a: 12|78/100\n|\n|upkeep\n|turn|11\n|\n|t:|1760648024\n|switch|p2a: Bronzong|Bronzong|100/100\n|move|p1a: 12|Rapid Spin|p2a: Bronzong\n|-resisted|p2a: Bronzong\n|-damage|p2a: Bronzong|98/100\n|-boost|p1a: 12|spe|1\n|-sideend|p1: wizzz7|Spikes|[from] move: Rapid Spin|[of] p1a: 12\n|\n|upkeep\n|turn|12\n|\n|t:|1760648033\n|move|p1a: 12|U-turn|p2a: Bronzong\n|-damage|p2a: Bronzong|88/100\n|\n|t:|1760648034\n|switch|p1a: 20|Tornadus-Therian, M|65/100|[from] U-turn\n|move|p2a: Bronzong|Stealth Rock|p1a: 20\n|-sidestart|p1: wizzz7|move: Stealth Rock\n|\n|upkeep\n|turn|13\n|\n|t:|1760648047\n|switch|p2a: Roserade-Hell|Roserade-Hell-Mega, F|88/100\n|-damage|p2a: Roserade-Hell|76/100|[from] Spikes\n|move|p1a: 20|Knock Off|p2a: Roserade-Hell\n|-resisted|p2a: Roserade-Hell\n|-damage|p2a: Roserade-Hell|70/100\n|\n|upkeep\n|turn|14\n|\n|t:|1760648058\n|switch|p1a: 12|Celebi-Hell, M|78/100\n|move|p2a: Roserade-Hell|Swords Dance|p2a: Roserade-Hell\n|-boost|p2a: Roserade-Hell|atk|2\n|\n|upkeep\n|turn|15\n|\n|t:|1760648063\n|move|p2a: Roserade-Hell|Close Combat|p1a: 12\n|-damage|p1a: 12|13/100\n|-unboost|p2a: Roserade-Hell|def|1\n|-unboost|p2a: Roserade-Hell|spd|1\n|move|p1a: 12|Rapid Spin|p2a: Roserade-Hell\n|-damage|p2a: Roserade-Hell|43/100\n|-boost|p1a: 12|spe|1\n|-sideend|p1: wizzz7|Stealth Rock|[from] move: Rapid Spin|[of] p1a: 12\n|\n|upkeep\n|turn|16\n|\n|t:|1760648079\n|switch|p2a: Bronzong|Bronzong|88/100\n|move|p1a: 12|Dazzling Gleam|p2a: Bronzong\n|-resisted|p2a: Bronzong\n|-damage|p2a: Bronzong|82/100\n|\n|upkeep\n|turn|17\n|\n|t:|1760648088\n|move|p1a: 12|Recover|p1a: 12\n|-heal|p1a: 12|63/100\n|move|p2a: Bronzong|Body Press|p1a: 12\n|-damage|p1a: 12|48/100\n|\n|upkeep\n|turn|18\n|\n|t:|1760648093\n|move|p1a: 12|Recover|p1a: 12\n|-heal|p1a: 12|98/100\n|move|p2a: Bronzong|Iron Defense|p2a: Bronzong\n|-boost|p2a: Bronzong|def|2\n|\n|upkeep\n|turn|19\n|\n|t:|1760648098\n|move|p1a: 12|U-turn|p2a: Bronzong\n|-damage|p2a: Bronzong|77/100\n|\n|t:|1760648100\n|switch|p1a: 20|Tornadus-Therian, M|98/100|[from] U-turn\n|move|p2a: Bronzong|Toxic|p1a: 20\n|-status|p1a: 20|tox\n|\n|-damage|p1a: 20|92/100 tox|[from] psn\n|upkeep\n|turn|20\n|\n|t:|1760648131\n|move|p1a: 20|Knock Off|p2a: Bronzong\n|-supereffective|p2a: Bronzong\n|-damage|p2a: Bronzong|65/100\n|-enditem|p2a: Bronzong|Eviolite|[from] move: Knock Off|[of] p1a: 20\n|move|p2a: Bronzong|Body Press|p1a: 20\n|-resisted|p1a: 20\n|-damage|p1a: 20|70/100 tox\n|\n|-damage|p1a: 20|58/100 tox|[from] psn\n|upkeep\n|turn|21\n|\n|t:|1760648138\n|move|p1a: 20|U-turn|p2a: Bronzong\n|-crit|p2a: Bronzong\n|-damage|p2a: Bronzong|47/100\n|\n|t:|1760648140\n|switch|p1a: 40|Slowking-Galar, M|57/100|[from] U-turn\n|move|p2a: Bronzong|Stealth Rock|p1a: 40\n|-sidestart|p1: wizzz7|move: Stealth Rock\n|\n|upkeep\n|turn|22\n|\n|t:|1760648167\n|switch|p2a: Roserade-Hell|Roserade-Hell-Mega, F|43/100\n|-damage|p2a: Roserade-Hell|31/100|[from] Spikes\n|switch|p1a: 12|Celebi-Hell, M|98/100\n|\n|upkeep\n|turn|23\n|\n|t:|1760648186\n|move|p2a: Roserade-Hell|Close Combat|p1a: 12\n|-damage|p1a: 12|62/100\n|-unboost|p2a: Roserade-Hell|def|1\n|-unboost|p2a: Roserade-Hell|spd|1\n|move|p1a: 12|Rapid Spin|p2a: Roserade-Hell\n|-damage|p2a: Roserade-Hell|6/100\n|-boost|p1a: 12|spe|1\n|-sideend|p1: wizzz7|Stealth Rock|[from] move: Rapid Spin|[of] p1a: 12\n|\n|upkeep\n|turn|24\n|\n|t:|1760648192\n|move|p1a: 12|Dazzling Gleam|p2a: Roserade-Hell\n|-supereffective|p2a: Roserade-Hell\n|-damage|p2a: Roserade-Hell|0 fnt\n|faint|p2a: Roserade-Hell\n|detailschange|p2: Roserade-Hell|Roserade-Hell, F|[silent]\n|\n|upkeep\n|\n|t:|1760648195\n|switch|p2a: Glimmora|Glimmora, F|100/100\n|-damage|p2a: Glimmora|88/100|[from] Spikes\n|turn|25\n|\n|t:|1760648205\n|move|p1a: 12|U-turn|p2a: Glimmora\n|-resisted|p2a: Glimmora\n|-damage|p2a: Glimmora|80/100\n|-activate|p2a: Glimmora|ability: Toxic Debris\n|-sidestart|p1: wizzz7|move: Toxic Spikes\n|\n|t:|1760648208\n|switch|p1a: 40|Slowking-Galar, M|91/100|[from] U-turn\n|-sideend|p1: wizzz7|move: Toxic Spikes|[of] p1a: 40\n|move|p2a: Glimmora|Rock Polish|p2a: Glimmora\n|-boost|p2a: Glimmora|spe|2\n|\n|upkeep\n|turn|26\n|\n|t:|1760648215\n|move|p2a: Glimmora|Earth Power|p1a: 40\n|-supereffective|p1a: 40\n|-damage|p1a: 40|54/100\n|move|p1a: 40|Psychic|p2a: Glimmora\n|-supereffective|p2a: Glimmora\n|-damage|p2a: Glimmora|0 fnt\n|faint|p2a: Glimmora\n|\n|upkeep\n|\n|t:|1760648220\n|switch|p2a: Great Tusk|Great Tusk|100/100\n|-damage|p2a: Great Tusk|88/100|[from] Spikes\n|turn|27\n|\n|t:|1760648236\n|switch|p1a: 63|Sinistcha|100/100\n|-terastallize|p2a: Great Tusk|Fire\n|move|p2a: Great Tusk|Bulk Up|p2a: Great Tusk\n|-boost|p2a: Great Tusk|atk|1\n|-boost|p2a: Great Tusk|def|1\n|\n|upkeep\n|turn|28\n|\n|t:|1760648242\n|move|p2a: Great Tusk|Knock Off|p1a: 63\n|-supereffective|p1a: 63\n|-damage|p1a: 63|36/100\n|-enditem|p1a: 63|Kasib Berry|[from] move: Knock Off|[of] p2a: Great Tusk\n|move|p1a: 63|Matcha Gotcha|p2a: Great Tusk\n|-resisted|p2a: Great Tusk\n|-damage|p2a: Great Tusk|62/100\n|-heal|p1a: 63|50/100|[from] drain|[of] p2a: Great Tusk\n|\n|upkeep\n|turn|29\n|\n|t:|1760648251\n|move|p2a: Great Tusk|Knock Off|p1a: 63\n|-supereffective|p1a: 63\n|-damage|p1a: 63|0 fnt\n|faint|p1a: 63\n|\n|upkeep\n|\n|t:|1760648256\n|switch|p1a: 20|Tornadus-Therian, M|91/100 tox\n|turn|30\n|\n|t:|1760648262\n|-terastallize|p1a: 20|Ground\n|move|p1a: 20|Tera Blast|p2a: Great Tusk|[anim] Tera Blast Ground\n|-supereffective|p2a: Great Tusk\n|-damage|p2a: Great Tusk|0 fnt\n|faint|p2a: Great Tusk\n|-end|p2a: Great Tusk|Protosynthesis|[silent]\n|\n|-damage|p1a: 20|85/100 tox|[from] psn\n|upkeep\n|\n|t:|1760648265\n|switch|p2a: Bronzong|Bronzong|47/100\n|turn|31\n|\n|t:|1760648309\n|move|p1a: 20|Knock Off|p2a: Bronzong\n|-supereffective|p2a: Bronzong\n|-damage|p2a: Bronzong|21/100\n|move|p2a: Bronzong|Iron Defense|p2a: Bronzong\n|-boost|p2a: Bronzong|def|2\n|\n|-damage|p1a: 20|73/100 tox|[from] psn\n|upkeep\n|turn|32\n|\n|t:|1760648314\n|move|p1a: 20|Knock Off|p2a: Bronzong\n|-supereffective|p2a: Bronzong\n|-damage|p2a: Bronzong|8/100\n|move|p2a: Bronzong|Body Press|p1a: 20\n|-damage|p1a: 20|23/100 tox\n|\n|-damage|p1a: 20|5/100 tox|[from] psn\n|upkeep\n|turn|33\n|\n|t:|1760648319\n|move|p1a: 20|Knock Off|p2a: Bronzong\n|-supereffective|p2a: Bronzong\n|-damage|p2a: Bronzong|0 fnt\n|faint|p2a: Bronzong\n|\n|win|wizzz7\n|c|☆Ollieboy789|gg\n|c|☆wizzz7|gg\n|l|☆Ollieboy789\n|player|p2|\n","players":["wizzz7","Ollieboy789"],"format":"[Gen 9] NatDex Draft","rating":null,"private":0,"password":null,"inputlog":">version 266cd7969f11373d44307dd452d2e51e08c39070\n>start {\"formatid\":\"gen9natdexdraft@@@Tera Type Preview\",\"seed\":\"sodium,0e14a594425febf4ec52d322f90c44e0\"}\n>player p1 {\"name\":\"wizzz7\",\"avatar\":\"169\",\"team\":\"12|CelebiHell|HeavyDutyBoots|MotorDrive|DazzlingGleam,Recover,RapidSpin,Uturn|Timid|248,,108,,,152|M||||,,,,,Steel]50|SamurottHisui|FocusSash|Sharpness|CeaselessEdge,KnockOff,Surf,SuckerPunch|Naive|,252,,4,,252|M||||,,,,,Water]63|Sinistcha|KasibBerry|Heatproof|CalmMind,MatchaGotcha,ShadowBall,StrengthSap|Bold|248,,252,,8,|N|,0,,,,|||,,,,,Grass]20|TornadusTherian|HeavyDutyBoots|Regenerator|BleakwindStorm,TeraBlast,KnockOff,Uturn|Timid|252,,,112,,144|M||||,,,,,Ground]80|Infernape|ChoiceBand|Blaze|FlareBlitz,CloseCombat,KnockOff,MachPunch|Jolly|,252,,,4,252|F||||,,,,,Fire]40|SlowkingGalar|AssaultVest|Regenerator|SludgeBomb,ShadowBall,Psychic,FutureSight|Sassy|252,,,4,252,|M|,0,,,,|||,,,,,Poison\",\"rating\":0}\n>player p2 {\"name\":\"Ollieboy789\",\"avatar\":\"1\",\"team\":\"Great Tusk||ClearAmulet|Protosynthesis|HeadlongRush,CloseCombat,KnockOff,BulkUp|Jolly|,252,4,,,252|N||||,Fighting,,,,Fire]Roserade-Hell||RoseraditeHELL|NaturalCure|WickedBlow,PlayRough,CloseCombat,SwordsDance|Jolly|28,252,,,4,224|F||||,,,,,Dark]Gholdengo||ChoiceSpecs|GoodasGold|MakeItRain,ShadowBall,FocusBlast,Trick|Modest|252,,,252,4,|N|,0,,,,|||,,,,,Steel]Glimmora||PowerHerb|ToxicDebris|MeteorBeam,SludgeWave,EarthPower,RockPolish|Timid|,,,252,4,252|F|,0,,,,|||,,,,,Poison]Bronzong||Eviolite|Levitate|BodyPress,IronDefense,Toxic,StealthRock|Calm|252,,4,,252,|N|,0,,,,|||,,,,,Steel]Cloyster||CustapBerry|ShellArmor|Explosion,Endure,RapidSpin,Spikes|Adamant|248,252,8,,,|F||||,,,,,Water\",\"rating\":0}\n>chat ☆Ollieboy789|hf\n>chat ☆wizzz7|gl hf\n>p1 team 2, 1, 3, 4, 5, 6\n>p2 team 6, 2, 3, 4, 5, 1\n>p1 move ceaselessedge\n>p2 move spikes\n>p1 move ceaselessedge\n>p2 move rapidspin\n>p1 move ceaselessedge\n>p2 move spikes\n>p1 move ceaselessedge\n>p2 move explosion\n>p1 switch 4\n>p2 switch 3\n>p1 move knockoff\n>p2 move makeitrain\n>p1 move uturn\n>p2 move shadowball\n>p1 switch 6\n>p1 move futuresight\n>p2 move trick\n>p1 move shadowball\n>p2 move shadowball\n>p1 switch 6\n>p2 move shadowball\n>p2 switch 2\n>p1 switch 2\n>p2 move wickedblow mega\n>p1 move rapidspin\n>p2 switch 5\n>p1 move uturn\n>p2 move stealthrock\n>p1 switch 2\n>p1 move knockoff\n>p2 switch 5\n>p1 switch 2\n>p2 move swordsdance\n>p1 move rapidspin\n>p2 move closecombat\n>p1 move dazzlinggleam\n>p2 switch 5\n>p1 move recover\n>p2 move bodypress\n>p1 move recover\n>p2 move irondefense\n>p1 move uturn\n>p2 move toxic\n>p1 switch 2\n>p1 move knockoff\n>p2 move bodypress\n>p1 move uturn\n>p2 move stealthrock\n>p1 switch 6\n>p1 switch 2\n>p2 switch 5\n>p1 move rapidspin\n>p2 move closecombat\n>p1 move dazzlinggleam\n>p2 move closecombat\n>p2 switch 4\n>p1 move uturn\n>p2 move rockpolish\n>p1 switch 2\n>p1 move psychic\n>p2 move earthpower\n>p2 switch 6\n>p1 switch 3\n>p2 move bulkup terastallize\n>p1 move matchagotcha\n>p2 move knockoff\n>p1 move strengthsap\n>p2 move knockoff\n>p1 switch 6\n>p1 move terablast terastallize\n>p2 move knockoff\n>p2 switch 5\n>p1 move knockoff\n>p2 move irondefense\n>p1 move knockoff\n>p2 move bodypress\n>p1 move knockoff\n>p2 move bodypress","uploadtime":1760648333}