{"id":"gen9natdexdraft-126","log":"|j|☆ayoitslux\n|j|☆liviifailure\n|t:|1761426786\n|gametype|singles\n|player|p1|ayoitslux|2|\n|player|p2|liviifailure|iris-gen5bw2|\n|gen|9\n|tier|[Gen 9] NatDex Draft\n|rule|Tera Type Preview: Tera Types are shown at Team Preview\n|rule|Sleep Clause Mod: Limit one foe put to sleep\n|rule|OHKO Clause: OHKO moves are banned\n|rule|Evasion Clause: Evasion abilities, items, and moves are banned\n|rule|Evasion Abilities Clause: Evasion abilities are banned\n|rule|Evasion Items Clause: Evasion items are banned\n|rule|Evasion Moves Clause: Evasion moves are banned\n|rule|Endless Battle Clause: Forcing endless battles is banned\n|rule|HP Percentage Mod: HP is shown in percentages\n|raw|<div class=\"infobox\"><details class=\"readmore\" open><summary><strong>1 custom rule:</strong></summary> Tera Type Preview</details></div>\n|clearpoke\n|poke|p1|Wormadam-Copper, F|\n|poke|p1|Marshydow, F|\n|poke|p1|Ting-Lu|\n|poke|p1|Iron Moth|\n|poke|p1|Enamorus, F|\n|poke|p1|Mewtwah, M|\n|poke|p2|Howling Flare, F|\n|poke|p2|Wigglytough, F|\n|poke|p2|Corviknight, F|\n|poke|p2|Mimikyu, F|\n|poke|p2|Palossand, F|\n|poke|p2|Weezing-Galar, M|\n|raw|ayoitslux's Tera Types:<br /><psicon pokemon=\"wormadamcopper\" /><psicon type=\"Bug\" /> / <psicon pokemon=\"marshydow\" /><psicon type=\"Ghost\" /> / <psicon pokemon=\"tinglu\" /><psicon type=\"Dark\" /> / <psicon pokemon=\"ironmoth\" /><psicon type=\"Fire\" /> / <psicon pokemon=\"enamorus\" /><psicon type=\"Fairy\" /> / <psicon pokemon=\"mewtwah\" /><psicon type=\"Fire\" />\n|raw|liviifailure's Tera Types:<br /><psicon pokemon=\"howlingflare\" /><psicon type=\"Stellar\" /> / <psicon pokemon=\"wigglytough\" /><psicon type=\"Stellar\" /> / <psicon pokemon=\"corviknight\" /><psicon type=\"Stellar\" /> / <psicon pokemon=\"mimikyu\" /><psicon type=\"Ghost\" /> / <psicon pokemon=\"palossand\" /><psicon type=\"Stellar\" /> / <psicon pokemon=\"weezinggalar\" /><psicon type=\"Stellar\" />\n|teampreview\n|c|☆ayoitslux|glhf\n|c|☆liviifailure|u2\n|\n|t:|1761426822\n|teamsize|p1|6\n|teamsize|p2|6\n|start\n|switch|p1a: Wormadam-Copper|Wormadam-Copper, F|100/100\n|switch|p2a: Palossand|Palossand, F|100/100\n|turn|1\n|\n|t:|1761426829\n|move|p1a: Wormadam-Copper|Substitute|p1a: Wormadam-Copper\n|-start|p1a: Wormadam-Copper|Substitute\n|-damage|p1a: Wormadam-Copper|75/100\n|move|p2a: Palossand|Stealth Rock|p1a: Wormadam-Copper\n|-sidestart|p1: ayoitslux|move: Stealth Rock\n|\n|upkeep\n|turn|2\n|\n|t:|1761426832\n|move|p1a: Wormadam-Copper|Quiver Dance|p1a: Wormadam-Copper\n|-boost|p1a: Wormadam-Copper|spa|1\n|-boost|p1a: Wormadam-Copper|spd|1\n|-boost|p1a: Wormadam-Copper|spe|1\n|move|p2a: Palossand|Earth Power|p1a: Wormadam-Copper\n|-activate|p1a: Wormadam-Copper|move: Substitute|[damage]\n|\n|upkeep\n|turn|3\n|\n|t:|1761426840\n|move|p1a: Wormadam-Copper|Quiver Dance|p1a: Wormadam-Copper\n|-boost|p1a: Wormadam-Copper|spa|1\n|-boost|p1a: Wormadam-Copper|spd|1\n|-boost|p1a: Wormadam-Copper|spe|1\n|move|p2a: Palossand|Earth Power|p1a: Wormadam-Copper\n|-end|p1a: Wormadam-Copper|Substitute\n|\n|upkeep\n|turn|4\n|\n|t:|1761426862\n|switch|p2a: Howling Flare|Howling Flare, F|100/100\n|-enditem|p2a: Howling Flare|Booster Energy\n|-activate|p2a: Howling Flare|ability: Protosynthesis|[fromitem]\n|-start|p2a: Howling Flare|protosynthesisspe\n|move|p1a: Wormadam-Copper|Substitute|p1a: Wormadam-Copper\n|-start|p1a: Wormadam-Copper|Substitute\n|-damage|p1a: Wormadam-Copper|50/100\n|\n|upkeep\n|turn|5\n|\n|t:|1761426871\n|move|p2a: Howling Flare|Phantom Force||[still]\n|-prepare|p2a: Howling Flare|Phantom Force\n|move|p1a: Wormadam-Copper|Infestation|p2a: Howling Flare|[miss]\n|-miss|p1a: Wormadam-Copper|p2a: Howling Flare\n|\n|upkeep\n|turn|6\n|\n|t:|1761426879\n|move|p2a: Howling Flare|Phantom Force|p1a: Wormadam-Copper|[from] lockedmove\n|-end|p1a: Wormadam-Copper|Substitute\n|move|p1a: Wormadam-Copper|Infestation|p2a: Howling Flare\n|-damage|p2a: Howling Flare|86/100\n|-activate|p2a: Howling Flare|move: Infestation|[of] p1a: Wormadam-Copper\n|\n|-damage|p2a: Howling Flare|74/100|[from] move: Infestation|[partiallytrapped]\n|upkeep\n|turn|7\n|\n|t:|1761426896\n|move|p2a: Howling Flare|Shadow Claw|p1a: Wormadam-Copper\n|-damage|p1a: Wormadam-Copper|13/100\n|move|p1a: Wormadam-Copper|Quiver Dance|p1a: Wormadam-Copper\n|-boost|p1a: Wormadam-Copper|spa|1\n|-boost|p1a: Wormadam-Copper|spd|1\n|-boost|p1a: Wormadam-Copper|spe|1\n|\n|-damage|p2a: Howling Flare|61/100|[from] move: Infestation|[partiallytrapped]\n|upkeep\n|turn|8\n|\n|t:|1761426903\n|move|p2a: Howling Flare|Shadow Claw|p1a: Wormadam-Copper\n|-crit|p1a: Wormadam-Copper\n|-damage|p1a: Wormadam-Copper|0 fnt\n|faint|p1a: Wormadam-Copper\n|\n|-end|p2a: Howling Flare|Infestation|[partiallytrapped]|[silent]\n|upkeep\n|\n|t:|1761426908\n|switch|p1a: Ting-Lu|Ting-Lu|100/100\n|-damage|p1a: Ting-Lu|94/100|[from] Stealth Rock\n|-ability|p1a: Ting-Lu|Vessel of Ruin\n|turn|9\n|\n|t:|1761426913\n|move|p2a: Howling Flare|Close Combat|p1a: Ting-Lu\n|-supereffective|p1a: Ting-Lu\n|-damage|p1a: Ting-Lu|45/100\n|-unboost|p2a: Howling Flare|def|1\n|-unboost|p2a: Howling Flare|spd|1\n|-enditem|p1a: Ting-Lu|Weakness Policy\n|-boost|p1a: Ting-Lu|atk|2|[from] item: Weakness Policy\n|-boost|p1a: Ting-Lu|spa|2|[from] item: Weakness Policy\n|move|p1a: Ting-Lu|Payback|p2a: Howling Flare\n|-supereffective|p2a: Howling Flare\n|-crit|p2a: Howling Flare\n|-damage|p2a: Howling Flare|0 fnt\n|faint|p2a: Howling Flare\n|-end|p2a: Howling Flare|Protosynthesis|[silent]\n|\n|upkeep\n|\n|t:|1761426933\n|switch|p2a: Mimikyu|Mimikyu, F|100/100\n|turn|10\n|\n|t:|1761426939\n|move|p2a: Mimikyu|Swords Dance|p2a: Mimikyu\n|-boost|p2a: Mimikyu|atk|2\n|move|p1a: Ting-Lu|Rest|p1a: Ting-Lu\n|-status|p1a: Ting-Lu|slp|[from] move: Rest\n|-heal|p1a: Ting-Lu|100/100 slp|[silent]\n|\n|upkeep\n|turn|11\n|\n|t:|1761426952\n|move|p2a: Mimikyu|Swords Dance|p2a: Mimikyu\n|-boost|p2a: Mimikyu|atk|2\n|cant|p1a: Ting-Lu|slp\n|move|p1a: Ting-Lu|Sleep Talk|p1a: Ting-Lu\n|move|p1a: Ting-Lu|Rest||[from] move: Sleep Talk|[still]\n|-fail|p1a: Ting-Lu\n|\n|upkeep\n|turn|12\n|\n|t:|1761426985\n|move|p2a: Mimikyu|Swords Dance|p2a: Mimikyu\n|-boost|p2a: Mimikyu|atk|2\n|cant|p1a: Ting-Lu|slp\n|move|p1a: Ting-Lu|Sleep Talk|p1a: Ting-Lu\n|move|p1a: Ting-Lu|Payback|p2a: Mimikyu|[from] move: Sleep Talk\n|-activate|p2a: Mimikyu|ability: Disguise\n|-damage|p2a: Mimikyu|100/100\n|detailschange|p2a: Mimikyu|Mimikyu-Busted, F\n|-damage|p2a: Mimikyu|88/100|[from] pokemon: Mimikyu-Busted\n|\n|upkeep\n|turn|13\n|\n|t:|1761426993\n|move|p2a: Mimikyu|Play Rough|p1a: Ting-Lu\n|-supereffective|p1a: Ting-Lu\n|-damage|p1a: Ting-Lu|0 fnt\n|faint|p1a: Ting-Lu\n|\n|upkeep\n|\n|t:|1761426995\n|switch|p1a: Iron Moth|Iron Moth|100/100\n|-damage|p1a: Iron Moth|76/100|[from] Stealth Rock\n|-enditem|p1a: Iron Moth|Booster Energy\n|-activate|p1a: Iron Moth|ability: Quark Drive|[fromitem]\n|-start|p1a: Iron Moth|quarkdrivespa\n|turn|14\n|\n|t:|1761427002\n|move|p2a: Mimikyu|Shadow Sneak|p1a: Iron Moth\n|-damage|p1a: Iron Moth|0 fnt\n|faint|p1a: Iron Moth\n|-end|p1a: Iron Moth|Quark Drive|[silent]\n|\n|upkeep\n|\n|t:|1761427004\n|switch|p1a: Marshydow|Marshydow, F|100/100\n|-damage|p1a: Marshydow|94/100|[from] Stealth Rock\n|turn|15\n|\n|t:|1761427010\n|move|p2a: Mimikyu|Shadow Sneak|p1a: Marshydow\n|-supereffective|p1a: Marshydow\n|-damage|p1a: Marshydow|0 fnt\n|faint|p1a: Marshydow\n|\n|upkeep\n|\n|t:|1761427012\n|switch|p1a: Enamorus|Enamorus, F|100/100\n|-damage|p1a: Enamorus|75/100|[from] Stealth Rock\n|turn|16\n|\n|t:|1761427016\n|move|p2a: Mimikyu|Shadow Sneak|p1a: Enamorus\n|-damage|p1a: Enamorus|0 fnt\n|faint|p1a: Enamorus\n|\n|upkeep\n|\n|t:|1761427018\n|switch|p1a: Mewtwah|Mewtwah, M|100/100\n|-damage|p1a: Mewtwah|88/100|[from] Stealth Rock\n|-ability|p1a: Mewtwah|Pressure\n|turn|17\n|\n|t:|1761427023\n|move|p2a: Mimikyu|Endure|p2a: Mimikyu\n|-singleturn|p2a: Mimikyu|move: Endure\n|move|p1a: Mewtwah|Psystrike|p2a: Mimikyu\n|-activate|p2a: Mimikyu|move: Endure\n|-damage|p2a: Mimikyu|1/100\n|-damage|p1a: Mewtwah|78/100|[from] item: Life Orb\n|\n|upkeep\n|turn|18\n|-enditem|p2a: Mimikyu|Custap Berry|[eat]\n|-activate|p2a: Mimikyu|item: Custap Berry|[consumed]\n|\n|t:|1761427028\n|move|p2a: Mimikyu|Play Rough|p1a: Mewtwah\n|-damage|p1a: Mewtwah|0 fnt\n|faint|p1a: Mewtwah\n|\n|win|liviifailure\n|c|☆ayoitslux|gg\n|c|☆liviifailure|gg\n|l|☆ayoitslux\n|player|p1|\n","players":["ayoitslux","liviifailure"],"format":"[Gen 9] NatDex Draft","rating":null,"private":0,"password":null,"inputlog":">version f5040886e674df30a81d8aa6703a640b23e7a073\n>start {\"formatid\":\"gen9natdexdraft@@@Tera Type Preview\",\"seed\":\"sodium,e19da5ded03c250992a270fc60de4bdd\"}\n>player p1 {\"name\":\"ayoitslux\",\"avatar\":\"2\",\"team\":\"Wormadam-Copper||Eviolite|Anticipation|Infestation,Discharge,Substitute,QuiverDance|Bold|252,,28,,,228|F|,0,,,,|||,,,,,Bug]Marshydow||ChoiceScarf|Technician|Poltergeist,SpectralThief,CloseCombat,ThunderPunch|Jolly|,252,,,4,252|F||||,,,,,Ghost]Ting-Lu||WeaknessPolicy|VesselofRuin|Payback,Earthquake,Rest,SleepTalk|Adamant|252,252,,,4,|N||||,,,,,Dark]Iron Moth||BoosterEnergy|QuarkDrive|FieryDance,SludgeWave,Discharge,Agility|Timid|,,16,252,,240|N|,0,,,,|||,,,,,Fire]Enamorus||WeaknessPolicy|CuteCharm|Moonblast,MysticalFire,CalmMind,Agility|Timid|252,,,48,,208|F|,0,,,,|||,,,,,Fairy]Mewtwah||LifeOrb|Pressure|Psystrike,FireBlast,EarthPower,NastyPlot|Timid|,,80,252,,176|M|,0,,,,|||,,,,,Fire\",\"rating\":0}\n>player p2 {\"name\":\"liviifailure\",\"avatar\":\"iris-gen5bw2\",\"team\":\"Howling Flare||BoosterEnergy|Protosynthesis|PhantomForce,ShadowClaw,BeakBlast,CloseCombat|Adamant|48,252,,,,208|F||||,,,,,Stellar]Wigglytuff|Wigglytough|ExpertBelt|Competitive|Moonblast,HyperVoice,SoftBoiled,ShadowBall|Bold|248,,252,8,,|F|,0,,,,|||,,,,,Stellar]Corviknight||Corviknightite|MirrorArmor|FlashCannon,Roost,Uturn,Hurricane|Modest|248,,,252,8,|F||||,,,,,Stellar]Mimikyu||CustapBerry|Disguise|SwordsDance,Endure,ShadowSneak,PlayRough|Jolly|,252,,,4,252|F||||,,,,,Ghost]Palossand||RindoBerry|WaterCompaction|EarthPower,ShadowBall,ShoreUp,StealthRock|Modest|252,,,252,4,|F|,0,,,,|||,,,,,Stellar]Weezing|WeezingGalar|AssaultVest|NeutralizingGas|StrangeSteam,HiddenPowerGround,Thunderbolt,SludgeBomb|Modest|252,,,252,4,|M|,0,,,,|||,Ground,,,,Stellar\",\"rating\":0}\n>chat ☆ayoitslux|glhf\n>chat ☆liviifailure|u2\n>p1 team 1, 2, 3, 4, 5, 6\n>p2 team 5, 2, 3, 4, 1, 6\n>p1 move substitute\n>p2 move stealthrock\n>p1 move quiverdance\n>p2 move earthpower\n>p1 move quiverdance\n>p2 move earthpower\n>p1 move substitute\n>p2 switch 5\n>p1 move infestation\n>p2 move phantomforce\n>p1 move infestation\n>p2 move phantomforce\n>p1 move quiverdance\n>p2 move shadowclaw\n>p1 move infestation\n>p2 move shadowclaw\n>p1 switch 3\n>p1 move payback\n>p2 move closecombat\n>p2 switch 4\n>p1 move rest\n>p2 move swordsdance\n>p1 move sleeptalk\n>p2 move swordsdance\n>p1 move sleeptalk\n>p2 move swordsdance\n>p1 move sleeptalk\n>p2 move playrough\n>p1 switch 4\n>p1 move fierydance\n>p2 move shadowsneak\n>p1 switch 2\n>p1 move spectralthief\n>p2 move shadowsneak\n>p1 switch 5\n>p1 move moonblast\n>p2 move shadowsneak\n>p1 switch 6\n>p1 move psystrike\n>p2 move endure\n>p1 move psystrike\n>p2 move playrough","uploadtime":1761427037}