{"id":"gen9natdexdraft-53","log":"|j|☆frostyrottenmilk\n|j|☆Firebro2025\n|t:|1765068782\n|gametype|singles\n|player|p1|frostyrottenmilk|101|\n|player|p2|Firebro2025|102|\n|gen|9\n|tier|[Gen 9] NatDex Draft\n|rule|Sleep Clause Mod: Limit one foe put to sleep\n|rule|OHKO Clause: OHKO moves are banned\n|rule|Evasion Clause: Evasion abilities, items, and moves are banned\n|rule|Evasion Abilities Clause: Evasion abilities are banned\n|rule|Evasion Items Clause: Evasion items are banned\n|rule|Evasion Moves Clause: Evasion moves are banned\n|rule|Endless Battle Clause: Forcing endless battles is banned\n|rule|HP Percentage Mod: HP is shown in percentages\n|clearpoke\n|poke|p1|Iron Valiant|\n|poke|p1|Emboar, M|\n|poke|p1|Keldeo|\n|poke|p1|Urshifu-*, M|\n|poke|p1|Cobalion|\n|poke|p1|Virizion|\n|poke|p2|Amoonguss, F|\n|poke|p2|Mimikyu, M|\n|poke|p2|Rotom-Wash|\n|poke|p2|Corviknight, M|\n|poke|p2|Chi-Yu|\n|poke|p2|Alomomola, F|\n|teampreview\n|l|☆Firebro2025\n|player|p2|\n|j|☆Firebro2025\n|player|p2|Firebro2025|102|\n|c|☆Firebro2025|GLHF\n|\n|t:|1765068874\n|teamsize|p1|6\n|teamsize|p2|6\n|start\n|switch|p1a: Urshifu|Urshifu, M|100/100\n|switch|p2a: Corviknight|Corviknight, M, shiny|100/100\n|-ability|p2a: Corviknight|Pressure\n|turn|1\n|\n|t:|1765068904\n|switch|p2a: Amoonguss|Amoonguss, F, shiny|100/100\n|move|p1a: Urshifu|Close Combat|p2a: Amoonguss\n|-resisted|p2a: Amoonguss\n|-damage|p2a: Amoonguss|48/100\n|-unboost|p1a: Urshifu|def|1\n|-unboost|p1a: Urshifu|spd|1\n|-damage|p1a: Urshifu|84/100|[from] item: Rocky Helmet|[of] p2a: Amoonguss\n|\n|upkeep\n|turn|2\n|\n|t:|1765068947\n|switch|p1a: Cobalion|Cobalion|100/100\n|switch|p2a: Mimikyu|Mimikyu, M, shiny|100/100\n|\n|upkeep\n|turn|3\n|\n|t:|1765068968\n|switch|p2a: Alomomola|Alomomola, F, shiny|100/100\n|move|p1a: Cobalion|Volt Switch|p2a: Alomomola\n|-supereffective|p2a: Alomomola\n|-damage|p2a: Alomomola|67/100\n|\n|t:|1765068975\n|switch|p1a: Keldeo|Keldeo|100/100|[from] Volt Switch\n|\n|upkeep\n|turn|4\n|\n|t:|1765068982\n|move|p1a: Keldeo|Substitute|p1a: Keldeo\n|-start|p1a: Keldeo|Substitute\n|-damage|p1a: Keldeo|76/100\n|move|p2a: Alomomola|Flip Turn|p1a: Keldeo\n|-resisted|p1a: Keldeo\n|-activate|p1a: Keldeo|move: Substitute|[damage]\n|\n|t:|1765068996\n|switch|p2a: Mimikyu|Mimikyu, M, shiny|100/100|[from] Flip Turn\n|\n|-heal|p1a: Keldeo|82/100|[from] item: Leftovers\n|upkeep\n|turn|5\n|\n|t:|1765069029\n|move|p2a: Mimikyu|Shadow Sneak|p1a: Keldeo\n|-end|p1a: Keldeo|Substitute\n|-damage|p2a: Mimikyu|91/100|[from] item: Life Orb\n|move|p1a: Keldeo|Air Slash|p2a: Mimikyu\n|-activate|p2a: Mimikyu|ability: Disguise\n|-damage|p2a: Mimikyu|91/100\n|detailschange|p2a: Mimikyu|Mimikyu-Busted, M, shiny\n|-damage|p2a: Mimikyu|78/100|[from] pokemon: Mimikyu-Busted\n|\n|-heal|p1a: Keldeo|88/100|[from] item: Leftovers\n|upkeep\n|turn|6\n|\n|t:|1765069047\n|switch|p1a: Cobalion|Cobalion|100/100\n|switch|p2a: Rotom|Rotom-Wash, shiny|100/100\n|\n|upkeep\n|turn|7\n|\n|t:|1765069068\n|move|p1a: Cobalion|Volt Switch|p2a: Rotom\n|-damage|p2a: Rotom|85/100\n|\n|t:|1765069071\n|switch|p1a: Virizion|Virizion|100/100|[from] Volt Switch\n|move|p2a: Rotom|Will-O-Wisp|p1a: Virizion\n|-status|p1a: Virizion|brn\n|\n|-heal|p2a: Rotom|91/100|[from] item: Leftovers\n|-damage|p1a: Virizion|94/100 brn|[from] brn\n|upkeep\n|turn|8\n|\n|t:|1765069082\n|switch|p2a: Corviknight|Corviknight, M, shiny|100/100\n|-ability|p2a: Corviknight|Pressure\n|move|p1a: Virizion|Swords Dance|p1a: Virizion\n|-boost|p1a: Virizion|atk|2\n|\n|-damage|p1a: Virizion|88/100 brn|[from] brn\n|upkeep\n|turn|9\n|\n|t:|1765069090\n|move|p1a: Virizion|Close Combat|p2a: Corviknight\n|-damage|p2a: Corviknight|44/100\n|-unboost|p1a: Virizion|def|1\n|-unboost|p1a: Virizion|spd|1\n|-damage|p1a: Virizion|72/100 brn|[from] item: Rocky Helmet|[of] p2a: Corviknight\n|-damage|p1a: Virizion|62/100 brn|[from] item: Life Orb\n|move|p2a: Corviknight|Iron Defense|p2a: Corviknight\n|-boost|p2a: Corviknight|def|2\n|\n|-damage|p1a: Virizion|56/100 brn|[from] brn\n|upkeep\n|turn|10\n|\n|t:|1765069122\n|move|p1a: Virizion|Swords Dance|p1a: Virizion\n|-boost|p1a: Virizion|atk|2\n|move|p2a: Corviknight|Roost|p2a: Corviknight\n|-heal|p2a: Corviknight|94/100\n|-singleturn|p2a: Corviknight|move: Roost\n|\n|-damage|p1a: Virizion|49/100 brn|[from] brn\n|upkeep\n|turn|11\n|\n|t:|1765069126\n|move|p1a: Virizion|Close Combat|p2a: Corviknight\n|-damage|p2a: Corviknight|54/100\n|-unboost|p1a: Virizion|def|1\n|-unboost|p1a: Virizion|spd|1\n|-damage|p1a: Virizion|33/100 brn|[from] item: Rocky Helmet|[of] p2a: Corviknight\n|-damage|p1a: Virizion|23/100 brn|[from] item: Life Orb\n|move|p2a: Corviknight|Iron Defense|p2a: Corviknight\n|-boost|p2a: Corviknight|def|2\n|\n|-damage|p1a: Virizion|17/100 brn|[from] brn\n|upkeep\n|turn|12\n|\n|t:|1765069145\n|move|p1a: Virizion|Close Combat|p2a: Corviknight\n|-damage|p2a: Corviknight|24/100\n|-unboost|p1a: Virizion|def|1\n|-unboost|p1a: Virizion|spd|1\n|-damage|p1a: Virizion|0 fnt|[from] item: Rocky Helmet|[of] p2a: Corviknight\n|faint|p1a: Virizion\n|move|p2a: Corviknight|Roost|p2a: Corviknight\n|-heal|p2a: Corviknight|74/100\n|-singleturn|p2a: Corviknight|move: Roost\n|\n|upkeep\n|\n|t:|1765069194\n|switch|p1a: Cobalion|Cobalion|100/100\n|turn|13\n|\n|t:|1765069205\n|move|p1a: Cobalion|Volt Switch|p2a: Corviknight\n|-supereffective|p2a: Corviknight\n|-damage|p2a: Corviknight|53/100\n|\n|t:|1765069213\n|switch|p1a: Iron Valiant|Iron Valiant|100/100|[from] Volt Switch\n|-enditem|p1a: Iron Valiant|Booster Energy\n|-activate|p1a: Iron Valiant|ability: Quark Drive|[fromitem]\n|-start|p1a: Iron Valiant|quarkdrivespe\n|move|p2a: Corviknight|Brave Bird|p1a: Iron Valiant\n|-supereffective|p1a: Iron Valiant\n|-damage|p1a: Iron Valiant|13/100\n|-damage|p2a: Corviknight|32/100|[from] Recoil\n|\n|upkeep\n|turn|14\n|\n|t:|1765069221\n|move|p1a: Iron Valiant|Thunderbolt|p2a: Corviknight\n|-supereffective|p2a: Corviknight\n|-crit|p2a: Corviknight\n|-damage|p2a: Corviknight|0 fnt\n|faint|p2a: Corviknight\n|\n|upkeep\n|\n|t:|1765069229\n|switch|p2a: Mimikyu|Mimikyu-Busted, M, shiny|78/100\n|turn|15\n|\n|t:|1765069233\n|-end|p1a: Iron Valiant|Quark Drive|[silent]\n|switch|p1a: Cobalion|Cobalion|100/100\n|move|p2a: Mimikyu|Shadow Sneak|p1a: Cobalion\n|-damage|p1a: Cobalion|90/100\n|-damage|p2a: Mimikyu|68/100|[from] item: Life Orb\n|\n|-heal|p1a: Cobalion|96/100|[from] item: Leftovers\n|upkeep\n|turn|16\n|\n|t:|1765069241\n|switch|p2a: Amoonguss|Amoonguss, F, shiny|81/100\n|move|p1a: Cobalion|Volt Switch|p2a: Amoonguss\n|-resisted|p2a: Amoonguss\n|-damage|p2a: Amoonguss|75/100\n|\n|t:|1765069268\n|switch|p1a: Emboar|Emboar, M|100/100|[from] Volt Switch\n|\n|upkeep\n|turn|17\n|\n|t:|1765069279\n|switch|p2a: Alomomola|Alomomola, F, shiny|100/100\n|detailschange|p1a: Emboar|Emboar-Mega-ZA, M\n|-mega|p1a: Emboar|Emboar|EmboariteZA\n|-activate|p1a: Emboar|ability: Supreme Overlord\n|-start|p1a: Emboar|fallen1|[silent]\n|move|p1a: Emboar|Flame Charge|p2a: Alomomola\n|-resisted|p2a: Alomomola\n|-damage|p2a: Alomomola|92/100\n|-boost|p1a: Emboar|spe|1\n|-damage|p1a: Emboar|84/100|[from] item: Rocky Helmet|[of] p2a: Alomomola\n|\n|upkeep\n|turn|18\n|\n|t:|1765069297\n|move|p1a: Emboar|Thunder Punch|p2a: Alomomola\n|-supereffective|p2a: Alomomola\n|-damage|p2a: Alomomola|58/100\n|-damage|p1a: Emboar|67/100|[from] item: Rocky Helmet|[of] p2a: Alomomola\n|move|p2a: Alomomola|Flip Turn|p1a: Emboar\n|-supereffective|p1a: Emboar\n|-damage|p1a: Emboar|34/100\n|\n|t:|1765069308\n|switch|p2a: Chi-Yu|Chi-Yu|100/100|[from] Flip Turn\n|-ability|p2a: Chi-Yu|Beads of Ruin\n|\n|upkeep\n|turn|19\n|\n|t:|1765069388\n|-end|p1a: Emboar|fallen1|[silent]\n|switch|p1a: Cobalion|Cobalion|96/100\n|move|p2a: Chi-Yu|Psychic|p1a: Cobalion\n|-damage|p1a: Cobalion|46/100\n|\n|-heal|p1a: Cobalion|53/100|[from] item: Leftovers\n|upkeep\n|turn|20\n|j| Rogue657\n|\n|t:|1765069399\n|switch|p2a: Amoonguss|Amoonguss, F, shiny|100/100\n|move|p1a: Cobalion|Stealth Rock|p2a: Amoonguss\n|-sidestart|p2: Firebro2025|move: Stealth Rock\n|\n|-heal|p1a: Cobalion|59/100|[from] item: Leftovers\n|upkeep\n|turn|21\n|\n|t:|1765069405\n|move|p1a: Cobalion|Volt Switch|p2a: Amoonguss\n|-resisted|p2a: Amoonguss\n|-damage|p2a: Amoonguss|94/100\n|c| Rogue657|No sprite for them sucks lmao sadge\n|\n|t:|1765069412\n|switch|p1a: Emboar|Emboar-Mega-ZA, M|34/100|[from] Volt Switch\n|-activate|p1a: Emboar|ability: Supreme Overlord\n|-start|p1a: Emboar|fallen1|[silent]\n|move|p2a: Amoonguss|Spore|p1a: Emboar\n|-status|p1a: Emboar|slp|[from] move: Spore\n|\n|upkeep\n|turn|22\n|c| Rogue657|Poor megas\n|\n|t:|1765069426\n|cant|p1a: Emboar|slp\n|move|p2a: Amoonguss|Sludge Bomb|p1a: Emboar\n|-damage|p1a: Emboar|0 fnt\n|faint|p1a: Emboar\n|-end|p1a: Emboar|fallen1|[silent]\n|detailschange|p1: Emboar|Emboar, M|[silent]\n|\n|upkeep\n|l| Rogue657\n|\n|t:|1765069431\n|switch|p1a: Iron Valiant|Iron Valiant|13/100\n|turn|23\n|\n|t:|1765069438\n|move|p1a: Iron Valiant|Psychic|p2a: Amoonguss\n|-supereffective|p2a: Amoonguss\n|-damage|p2a: Amoonguss|34/100\n|move|p2a: Amoonguss|Giga Drain|p1a: Iron Valiant\n|-damage|p1a: Iron Valiant|0 fnt\n|-heal|p2a: Amoonguss|38/100|[from] drain|[of] p1a: Iron Valiant\n|faint|p1a: Iron Valiant\n|-end|p1a: Iron Valiant|Quark Drive|[silent]\n|\n|upkeep\n|\n|t:|1765069450\n|switch|p1a: Urshifu|Urshifu, M|84/100\n|turn|24\n|\n|t:|1765069462\n|switch|p2a: Mimikyu|Mimikyu-Busted, M, shiny|68/100\n|-damage|p2a: Mimikyu|56/100|[from] Stealth Rock\n|move|p1a: Urshifu|Close Combat|p2a: Mimikyu\n|-immune|p2a: Mimikyu\n|\n|upkeep\n|turn|25\n|\n|t:|1765069468\n|switch|p1a: Keldeo|Keldeo|88/100\n|move|p2a: Mimikyu|Play Rough|p1a: Keldeo\n|-supereffective|p1a: Keldeo\n|-damage|p1a: Keldeo|0 fnt\n|faint|p1a: Keldeo\n|-damage|p2a: Mimikyu|46/100|[from] item: Life Orb\n|\n|upkeep\n|\n|t:|1765069481\n|switch|p1a: Urshifu|Urshifu, M|84/100\n|turn|26\n|\n|t:|1765069497\n|switch|p2a: Alomomola|Alomomola, F, shiny|92/100\n|-damage|p2a: Alomomola|79/100|[from] Stealth Rock\n|move|p1a: Urshifu|Iron Head|p2a: Alomomola\n|-resisted|p2a: Alomomola\n|-damage|p2a: Alomomola|69/100\n|-damage|p1a: Urshifu|68/100|[from] item: Rocky Helmet|[of] p2a: Alomomola\n|\n|upkeep\n|turn|27\n|\n|t:|1765069506\n|switch|p1a: Cobalion|Cobalion|59/100\n|move|p2a: Alomomola|Scald|p1a: Cobalion\n|-damage|p1a: Cobalion|43/100\n|\n|-heal|p1a: Cobalion|49/100|[from] item: Leftovers\n|upkeep\n|turn|28\n|\n|t:|1765069514\n|move|p1a: Cobalion|Volt Switch|p2a: Alomomola\n|-supereffective|p2a: Alomomola\n|-damage|p2a: Alomomola|37/100\n|\n|t:|1765069516\n|switch|p1a: Urshifu|Urshifu, M|68/100|[from] Volt Switch\n|move|p2a: Alomomola|Flip Turn|p1a: Urshifu\n|-damage|p1a: Urshifu|52/100\n|\n|t:|1765069528\n|switch|p2a: Rotom|Rotom-Wash, shiny|91/100|[from] Flip Turn\n|-damage|p2a: Rotom|79/100|[from] Stealth Rock\n|\n|-heal|p2a: Rotom|85/100|[from] item: Leftovers\n|upkeep\n|turn|29\n|\n|t:|1765069540\n|move|p1a: Urshifu|Wicked Blow|p2a: Rotom\n|-crit|p2a: Rotom\n|-damage|p2a: Rotom|0 fnt\n|faint|p2a: Rotom\n|\n|upkeep\n|\n|t:|1765069545\n|switch|p2a: Chi-Yu|Chi-Yu|100/100\n|-damage|p2a: Chi-Yu|76/100|[from] Stealth Rock\n|-ability|p2a: Chi-Yu|Beads of Ruin\n|turn|30\n|\n|t:|1765069557\n|move|p2a: Chi-Yu|Flamethrower|p1a: Urshifu\n|-damage|p1a: Urshifu|0 fnt\n|faint|p1a: Urshifu\n|\n|upkeep\n|\n|t:|1765069560\n|switch|p1a: Cobalion|Cobalion|49/100\n|turn|31\n|\n|t:|1765069563\n|move|p2a: Chi-Yu|Flamethrower|p1a: Cobalion\n|-supereffective|p1a: Cobalion\n|-damage|p1a: Cobalion|0 fnt\n|faint|p1a: Cobalion\n|\n|win|Firebro2025\n|c|☆frostyrottenmilk|ggs wp\n|c|☆Firebro2025|Ggs\n","players":["frostyrottenmilk","Firebro2025"],"format":"[Gen 9] NatDex Draft","rating":null,"private":0,"password":null,"inputlog":">version 410298541a4f39e57734b9bac268a67abbacfb75\n>start {\"formatid\":\"gen9natdexdraft\",\"seed\":\"sodium,f492adffb6c7b65c61cf0b6272e20b88\"}\n>player p1 {\"name\":\"frostyrottenmilk\",\"avatar\":\"101\",\"team\":\"Iron Valiant||BoosterEnergy|QuarkDrive|Moonblast,Psychic,Thunderbolt,CalmMind|Timid|,,,252,4,252|N|,0,,,,|||,,,,,Fairy]Emboar||EmboariteZA|Blaze|CloseCombat,ThunderPunch,FlameCharge,SuckerPunch|Jolly|,252,,,4,252|M||||,,,,,Fire]Keldeo||Leftovers|Justified|Substitute,CalmMind,AuraSphere,AirSlash|Timid|,,,252,4,252|N|,0,,,,|||,,,,,Water]Urshifu||ChoiceBand|UnseenFist|CloseCombat,IronHead,ThunderPunch,WickedBlow|Jolly|,252,,,4,252|M||||,,,,,Fighting]Cobalion||Leftovers|Justified|IronDefense,BodyPress,VoltSwitch,StealthRock|Bold|252,,252,,,4|N|,0,,,,|||,,,,,Steel]Virizion||LifeOrb|Justified|SwordsDance,LeafBlade,CloseCombat,Synthesis|Adamant|,252,,,,252|N||||,,,,,Grass\",\"rating\":0}\n>player p2 {\"name\":\"Firebro2025\",\"avatar\":\"102\",\"team\":\"Amoonguss||RockyHelmet|Regenerator|GigaDrain,Spore,SludgeBomb,FoulPlay|Modest|248,,,252,8,|F|,0,,,,|S||,,,,,Grass]Mimikyu||LifeOrb|Disguise|PlayRough,ShadowClaw,ShadowSneak,SwordsDance|Jolly|,252,,,4,252|M||S||,,,,,Ghost]Rotom|RotomWash|Leftovers|Levitate|PainSplit,WillOWisp,Thunderbolt,HydroPump|Modest|252,,,252,4,|N|,0,,,,|S||,,,,,Electric]Corviknight||RockyHelmet|Pressure|Roost,IronDefense,BraveBird,Defog|Careful|248,8,,,252,|M||S||,,,,,Flying]Chi-Yu||ChoiceScarf|BeadsofRuin|Psychic,FireBlast,Overheat,Flamethrower|Timid|,,,252,4,252|N|,0,,,,|||,,,,,Dark]Alomomola||RockyHelmet|Regenerator|FlipTurn,Scald,Wish,HealingWish|Bold|252,,252,,4,|F||S||,,,,,Water\",\"rating\":0}\n>chat ☆Firebro2025|GLHF\n>p1 team 4, 2, 3, 1, 5, 6\n>p2 team 4, 2, 3, 1, 5, 6\n>p1 move closecombat\n>p2 switch 4\n>p1 switch 5\n>p2 switch 2\n>p1 move voltswitch\n>p2 switch 6\n>p1 switch 3\n>p1 move substitute\n>p2 move flipturn\n>p2 switch 6\n>p1 move airslash\n>p2 move shadowsneak\n>p1 switch 3\n>p2 switch 3\n>p1 move voltswitch\n>p2 move willowisp\n>p1 switch 6\n>p1 move swordsdance\n>p2 switch 4\n>p1 move closecombat\n>p2 move irondefense\n>p1 move swordsdance\n>p2 move roost\n>p1 move closecombat\n>p2 move irondefense\n>p1 move closecombat\n>p2 move roost\n>p1 switch 6\n>p1 move voltswitch\n>p2 move bravebird\n>p1 switch 4\n>p1 move thunderbolt\n>p2 move roost\n>p2 switch 3\n>p1 switch 4\n>p2 move shadowsneak\n>p1 move voltswitch\n>p2 switch 2\n>p1 switch 2\n>p1 move flamecharge mega\n>p2 switch 6\n>p1 move thunderpunch\n>p2 move flipturn\n>p2 switch 5\n>p1 switch 2\n>p2 move psychic\n>p1 move stealthrock\n>p2 switch 6\n>p1 move voltswitch\n>p2 move spore\n>chat  Rogue657|No sprite for them sucks lmao sadge\n>p1 switch 2\n>chat  Rogue657|Poor megas\n>p1 move closecombat\n>p2 move sludgebomb\n>p1 switch 4\n>p1 move psychic\n>p2 move gigadrain\n>p1 switch 5\n>p1 move closecombat\n>p2 switch 2\n>p1 switch 3\n>p2 move playrough\n>p1 switch 3\n>p1 move ironhead\n>p2 switch 5\n>p1 switch 2\n>p2 move scald\n>p1 move voltswitch\n>p2 move flipturn\n>p1 switch 2\n>p2 switch 4\n>p1 move wickedblow\n>p2 move thunderbolt\n>p2 switch 6\n>p1 move wickedblow\n>p2 move flamethrower\n>p1 switch 2\n>p1 move bodypress\n>p2 move flamethrower","uploadtime":1765069596}