{"id":"gen9natdexdraft-84","log":"|j|☆The_Shawdoin\n|j|☆nachis1225\n|t:|1760724075\n|gametype|singles\n|player|p1|The_Shawdoin|2|\n|player|p2|nachis1225|101|\n|gen|9\n|tier|[Gen 9] NatDex Draft\n|rule|Tera Type Preview: Tera Types are shown at Team Preview\n|rule|Sleep Clause Mod: Limit one foe put to sleep\n|rule|OHKO Clause: OHKO moves are banned\n|rule|Evasion Clause: Evasion abilities, items, and moves are banned\n|rule|Evasion Abilities Clause: Evasion abilities are banned\n|rule|Evasion Items Clause: Evasion items are banned\n|rule|Evasion Moves Clause: Evasion moves are banned\n|rule|Endless Battle Clause: Forcing endless battles is banned\n|rule|HP Percentage Mod: HP is shown in percentages\n|raw|<div class=\"infobox\"><details class=\"readmore\" open><summary><strong>1 custom rule:</strong></summary> Tera Type Preview</details></div>\n|clearpoke\n|poke|p1|Drifblim-Hell, F|\n|poke|p1|Iron Saw, F|\n|poke|p1|Runerigus, F|\n|poke|p1|Gouging Fire|\n|poke|p1|Terapagos, M|\n|poke|p1|Zapdos|\n|poke|p2|Corviknight, F|\n|poke|p2|Ogerpon-Cornerstone, F|\n|poke|p2|Chi-Yu|\n|poke|p2|Hippowdon, M|\n|poke|p2|Sylveon, M|\n|poke|p2|Baxcalibur, F|\n|raw|The_Shawdoin's Tera Types:<br /><psicon pokemon=\"drifblimhell\" /><psicon type=\"Water\" /> / <psicon pokemon=\"ironsaw\" /><psicon type=\"Electric\" /> / <psicon pokemon=\"runerigus\" /><psicon type=\"Ground\" /> / <psicon pokemon=\"gougingfire\" /><psicon type=\"Fire\" /> / <psicon pokemon=\"terapagos\" /><psicon type=\"Stellar\" /> / <psicon pokemon=\"zapdos\" /><psicon type=\"Electric\" />\n|raw|nachis1225's Tera Types:<br /><psicon pokemon=\"corviknight\" /><psicon type=\"Flying\" /> / <psicon pokemon=\"ogerponcornerstone\" /><psicon type=\"Rock\" /> / <psicon pokemon=\"chiyu\" /><psicon type=\"Electric\" /> / <psicon pokemon=\"hippowdon\" /><psicon type=\"Ground\" /> / <psicon pokemon=\"sylveon\" /><psicon type=\"Fairy\" /> / <psicon pokemon=\"baxcalibur\" /><psicon type=\"Dragon\" />\n|teampreview\n|c|☆nachis1225|glhf\n|c|☆The_Shawdoin|glhf\n|\n|t:|1760724165\n|teamsize|p1|6\n|teamsize|p2|6\n|start\n|switch|p1a: Drifblim-Hell|Drifblim-Hell, F|100/100\n|switch|p2a: Hippowdon|Hippowdon, M|100/100\n|-weather|Sandstorm|[from] ability: Sand Stream|[of] p2a: Hippowdon\n|turn|1\n|\n|t:|1760724180\n|switch|p2a: Corviknight|Corviknight, F|100/100\n|-ability|p2a: Corviknight|Pressure\n|detailschange|p1a: Drifblim-Hell|Drifblim-Hell-Mega, F\n|-mega|p1a: Drifblim-Hell|Drifblim-Hell|Drifblimite Hell\n|move|p1a: Drifblim-Hell|Toxic Spikes|p2a: Corviknight\n|-sidestart|p2: nachis1225|move: Toxic Spikes\n|\n|-weather|Sandstorm|[upkeep]\n|-damage|p1a: Drifblim-Hell|94/100|[from] Sandstorm\n|upkeep\n|turn|2\n|\n|t:|1760724191\n|detailschange|p2a: Corviknight|Corviknight-Mega, F\n|-mega|p2a: Corviknight|Corviknight|Corviknightite\n|move|p2a: Corviknight|Defog|p1a: Drifblim-Hell\n|-unboost|p1a: Drifblim-Hell|evasion|1\n|-sideend|p2: nachis1225|Toxic Spikes|[from] move: Defog|[of] p2a: Corviknight\n|move|p1a: Drifblim-Hell|Hidden Power|p2a: Corviknight\n|-supereffective|p2a: Corviknight\n|-damage|p2a: Corviknight|76/100\n|\n|-weather|Sandstorm|[upkeep]\n|-damage|p1a: Drifblim-Hell|88/100|[from] Sandstorm\n|upkeep\n|turn|3\n|\n|t:|1760724215\n|switch|p1a: Zapdos|Zapdos|100/100\n|move|p2a: Corviknight|Hurricane|p1a: Zapdos\n|-resisted|p1a: Zapdos\n|-damage|p1a: Zapdos|83/100\n|-start|p1a: Zapdos|confusion\n|\n|-weather|Sandstorm|[upkeep]\n|-damage|p1a: Zapdos|77/100|[from] Sandstorm\n|upkeep\n|turn|4\n|\n|t:|1760724240\n|switch|p2a: Hippowdon|Hippowdon, M|100/100\n|-activate|p1a: Zapdos|confusion\n|move|p1a: Zapdos|U-turn|p2a: Hippowdon\n|-damage|p2a: Hippowdon|94/100\n|\n|t:|1760724253\n|switch|p1a: Runerigus|Runerigus, F|100/100|[from] U-turn\n|\n|-weather|Sandstorm|[upkeep]\n|-heal|p2a: Hippowdon|99/100|[from] item: Leftovers\n|upkeep\n|turn|5\n|\n|t:|1760724261\n|move|p2a: Hippowdon|Toxic|p1a: Runerigus\n|-status|p1a: Runerigus|tox\n|move|p1a: Runerigus|Stealth Rock|p2a: Hippowdon\n|-sidestart|p2: nachis1225|move: Stealth Rock\n|\n|-weather|none\n|-heal|p2a: Hippowdon|100/100|[from] item: Leftovers\n|-damage|p1a: Runerigus|94/100 tox|[from] psn\n|upkeep\n|turn|6\n|\n|t:|1760724269\n|move|p2a: Hippowdon|Stealth Rock|p1a: Runerigus\n|-sidestart|p1: The_Shawdoin|move: Stealth Rock\n|move|p1a: Runerigus|Body Press|p2a: Hippowdon\n|-damage|p2a: Hippowdon|83/100\n|\n|-heal|p2a: Hippowdon|89/100|[from] item: Leftovers\n|-heal|p1a: Runerigus|100/100 tox|[from] item: Leftovers\n|-damage|p1a: Runerigus|88/100 tox|[from] psn\n|upkeep\n|turn|7\n|\n|t:|1760724282\n|switch|p2a: Corviknight|Corviknight-Mega, F|76/100\n|-damage|p2a: Corviknight|64/100|[from] Stealth Rock\n|move|p1a: Runerigus|Night Shade|p2a: Corviknight\n|-damage|p2a: Corviknight|39/100\n|\n|-heal|p1a: Runerigus|94/100 tox|[from] item: Leftovers\n|-damage|p1a: Runerigus|75/100 tox|[from] psn\n|upkeep\n|turn|8\n|\n|t:|1760724292\n|move|p2a: Corviknight|Roost|p2a: Corviknight\n|-heal|p2a: Corviknight|89/100\n|-singleturn|p2a: Corviknight|move: Roost\n|move|p1a: Runerigus|Night Shade|p2a: Corviknight\n|-damage|p2a: Corviknight|64/100\n|\n|-heal|p1a: Runerigus|82/100 tox|[from] item: Leftovers\n|-damage|p1a: Runerigus|57/100 tox|[from] psn\n|upkeep\n|turn|9\n|\n|t:|1760724303\n|switch|p1a: Zapdos|Zapdos|77/100\n|-damage|p1a: Zapdos|52/100|[from] Stealth Rock\n|move|p2a: Corviknight|Defog|p1a: Zapdos\n|-unboost|p1a: Zapdos|evasion|1\n|-sideend|p1: The_Shawdoin|Stealth Rock|[from] move: Defog|[of] p2a: Corviknight\n|-sideend|p2: nachis1225|Stealth Rock|[from] move: Defog|[of] p2a: Corviknight\n|\n|upkeep\n|turn|10\n|\n|t:|1760724312\n|switch|p2a: Hippowdon|Hippowdon, M|89/100\n|-weather|Sandstorm|[from] ability: Sand Stream|[of] p2a: Hippowdon\n|move|p1a: Zapdos|Roost|p1a: Zapdos\n|-heal|p1a: Zapdos|100/100\n|-singleturn|p1a: Zapdos|move: Roost\n|\n|-weather|Sandstorm|[upkeep]\n|-damage|p1a: Zapdos|94/100|[from] Sandstorm\n|-heal|p2a: Hippowdon|95/100|[from] item: Leftovers\n|upkeep\n|turn|11\n|\n|t:|1760724324\n|move|p1a: Zapdos|U-turn|p2a: Hippowdon\n|-damage|p2a: Hippowdon|89/100\n|\n|t:|1760724326\n|switch|p1a: Drifblim-Hell|Drifblim-Hell-Mega, F|88/100|[from] U-turn\n|move|p2a: Hippowdon|Toxic|p1a: Drifblim-Hell\n|-immune|p1a: Drifblim-Hell\n|\n|-weather|Sandstorm|[upkeep]\n|-damage|p1a: Drifblim-Hell|82/100|[from] Sandstorm\n|-heal|p2a: Hippowdon|95/100|[from] item: Leftovers\n|upkeep\n|turn|12\n|\n|t:|1760724335\n|switch|p2a: Corviknight|Corviknight-Mega, F|64/100\n|move|p1a: Drifblim-Hell|Toxic Spikes|p2a: Corviknight\n|-sidestart|p2: nachis1225|move: Toxic Spikes\n|\n|-weather|Sandstorm|[upkeep]\n|-damage|p1a: Drifblim-Hell|76/100|[from] Sandstorm\n|upkeep\n|turn|13\n|\n|t:|1760724344\n|switch|p1a: Zapdos|Zapdos|94/100\n|move|p2a: Corviknight|Defog|p1a: Zapdos\n|-unboost|p1a: Zapdos|evasion|1\n|-sideend|p2: nachis1225|Toxic Spikes|[from] move: Defog|[of] p2a: Corviknight\n|\n|-weather|Sandstorm|[upkeep]\n|-damage|p1a: Zapdos|88/100|[from] Sandstorm\n|upkeep\n|turn|14\n|\n|t:|1760724362\n|switch|p2a: Sylveon|Sylveon, M|100/100\n|move|p1a: Zapdos|Heat Wave|p2a: Sylveon\n|-crit|p2a: Sylveon\n|-damage|p2a: Sylveon|62/100\n|\n|-weather|none\n|upkeep\n|turn|15\n|\n|t:|1760724388\n|move|p1a: Zapdos|U-turn|p2a: Sylveon\n|-resisted|p2a: Sylveon\n|-damage|p2a: Sylveon|55/100\n|\n|t:|1760724399\n|switch|p1a: Terapagos|Terapagos, M|100/100|[from] U-turn\n|-activate|p1a: Terapagos|ability: Tera Shift\n|detailschange|p1a: Terapagos|Terapagos-Terastal, M\n|-heal|p1a: Terapagos|100/100|[silent]\n|move|p2a: Sylveon|Wish|p2a: Sylveon\n|\n|upkeep\n|turn|16\n|\n|t:|1760724415\n|move|p1a: Terapagos|Calm Mind|p1a: Terapagos\n|-boost|p1a: Terapagos|spa|1\n|-boost|p1a: Terapagos|spd|1\n|move|p2a: Sylveon|Toxic|p1a: Terapagos\n|-status|p1a: Terapagos|tox\n|\n|-heal|p2a: Sylveon|100/100|[from] move: Wish|[wisher] Sylveon\n|-damage|p1a: Terapagos|94/100 tox|[from] psn\n|upkeep\n|turn|17\n|\n|t:|1760724435\n|move|p1a: Terapagos|Calm Mind|p1a: Terapagos\n|-boost|p1a: Terapagos|spa|1\n|-boost|p1a: Terapagos|spd|1\n|move|p2a: Sylveon|Hyper Voice|p1a: Terapagos\n|-crit|p1a: Terapagos\n|-damage|p1a: Terapagos|25/100 tox\n|\n|-damage|p1a: Terapagos|13/100 tox|[from] psn\n|upkeep\n|turn|18\n|\n|t:|1760724455\n|move|p1a: Terapagos|Rest|p1a: Terapagos\n|-status|p1a: Terapagos|slp|[from] move: Rest\n|-heal|p1a: Terapagos|100/100 slp|[silent]\n|-enditem|p1a: Terapagos|Chesto Berry|[eat]\n|-curestatus|p1a: Terapagos|slp|[msg]\n|move|p2a: Sylveon|Hyper Voice|p1a: Terapagos\n|-activate|p1a: Terapagos|ability: Tera Shell\n|-resisted|p1a: Terapagos\n|-damage|p1a: Terapagos|90/100\n|\n|upkeep\n|turn|19\n|\n|t:|1760724471\n|move|p1a: Terapagos|Tera Starstorm|p2a: Sylveon\n|-damage|p2a: Sylveon|15/100\n|-enditem|p2a: Sylveon|Sitrus Berry|[eat]\n|-heal|p2a: Sylveon|40/100|[from] item: Sitrus Berry\n|move|p2a: Sylveon|Toxic|p1a: Terapagos\n|-status|p1a: Terapagos|tox\n|\n|-damage|p1a: Terapagos|83/100 tox|[from] psn\n|upkeep\n|turn|20\n|\n|t:|1760724504\n|switch|p2a: Corviknight|Corviknight-Mega, F|64/100\n|move|p1a: Terapagos|Tera Starstorm|p2a: Corviknight\n|-resisted|p2a: Corviknight\n|-damage|p2a: Corviknight|37/100\n|\n|-damage|p1a: Terapagos|71/100 tox|[from] psn\n|upkeep\n|turn|21\n|\n|t:|1760724513\n|move|p2a: Corviknight|Roost|p2a: Corviknight\n|-heal|p2a: Corviknight|87/100\n|-singleturn|p2a: Corviknight|move: Roost\n|move|p1a: Terapagos|Flamethrower|p2a: Corviknight\n|-supereffective|p2a: Corviknight\n|-crit|p2a: Corviknight\n|-damage|p2a: Corviknight|4/100\n|\n|-damage|p1a: Terapagos|53/100 tox|[from] psn\n|upkeep\n|turn|22\n|\n|t:|1760724526\n|move|p2a: Corviknight|Body Press|p1a: Terapagos\n|-supereffective|p1a: Terapagos\n|-damage|p1a: Terapagos|20/100 tox\n|move|p1a: Terapagos|Rest|p1a: Terapagos\n|-status|p1a: Terapagos|slp|[from] move: Rest\n|-heal|p1a: Terapagos|100/100 slp|[silent]\n|\n|upkeep\n|turn|23\n|\n|t:|1760724537\n|move|p2a: Corviknight|Roost|p2a: Corviknight\n|-heal|p2a: Corviknight|54/100\n|-singleturn|p2a: Corviknight|move: Roost\n|cant|p1a: Terapagos|slp\n|\n|upkeep\n|turn|24\n|\n|t:|1760724544\n|switch|p2a: Hippowdon|Hippowdon, M|95/100\n|-weather|Sandstorm|[from] ability: Sand Stream|[of] p2a: Hippowdon\n|cant|p1a: Terapagos|slp\n|\n|-weather|Sandstorm|[upkeep]\n|-damage|p1a: Terapagos|94/100 slp|[from] Sandstorm\n|-heal|p2a: Hippowdon|100/100|[from] item: Leftovers\n|upkeep\n|turn|25\n|\n|t:|1760724554\n|-curestatus|p1a: Terapagos|slp|[msg]\n|move|p1a: Terapagos|Tera Starstorm|p2a: Hippowdon\n|-damage|p2a: Hippowdon|0 fnt\n|faint|p2a: Hippowdon\n|\n|-weather|Sandstorm|[upkeep]\n|-damage|p1a: Terapagos|88/100|[from] Sandstorm\n|upkeep\n|\n|t:|1760724570\n|switch|p2a: Ogerpon|Ogerpon-Cornerstone, F|100/100\n|turn|26\n|\n|t:|1760724578\n|move|p2a: Ogerpon|Superpower|p1a: Terapagos\n|-supereffective|p1a: Terapagos\n|-damage|p1a: Terapagos|3/100\n|-unboost|p2a: Ogerpon|atk|1\n|-unboost|p2a: Ogerpon|def|1\n|move|p1a: Terapagos|Flamethrower|p2a: Ogerpon\n|-damage|p2a: Ogerpon|55/100\n|\n|-weather|Sandstorm|[upkeep]\n|-damage|p1a: Terapagos|0 fnt|[from] Sandstorm\n|faint|p1a: Terapagos\n|upkeep\n|\n|t:|1760724633\n|switch|p1a: Iron Saw|Iron Saw, F|100/100\n|-enditem|p1a: Iron Saw|Booster Energy\n|-activate|p1a: Iron Saw|ability: Quark Drive|[fromitem]\n|-start|p1a: Iron Saw|quarkdrivespe\n|turn|27\n|\n|t:|1760724672\n|switch|p2a: Sylveon|Sylveon, M|40/100\n|move|p1a: Iron Saw|Swords Dance|p1a: Iron Saw\n|-boost|p1a: Iron Saw|atk|2\n|\n|-weather|Sandstorm|[upkeep]\n|-damage|p2a: Sylveon|34/100|[from] Sandstorm\n|upkeep\n|turn|28\n|j|~SparksTheNeo\n|\n|t:|1760724685\n|move|p1a: Iron Saw|Wild Charge|p2a: Sylveon\n|-damage|p2a: Sylveon|0 fnt\n|faint|p2a: Sylveon\n|-damage|p1a: Iron Saw|91/100|[from] Recoil\n|\n|-weather|none\n|upkeep\n|\n|t:|1760724704\n|switch|p2a: Chi-Yu|Chi-Yu|100/100\n|-ability|p2a: Chi-Yu|Beads of Ruin\n|turn|29\n|\n|t:|1760724713\n|-terastallize|p2a: Chi-Yu|Electric\n|move|p1a: Iron Saw|Close Combat|p2a: Chi-Yu\n|-damage|p2a: Chi-Yu|0 fnt\n|-unboost|p1a: Iron Saw|def|1\n|-unboost|p1a: Iron Saw|spd|1\n|faint|p2a: Chi-Yu\n|\n|upkeep\n|c|☆nachis1225|gg\n|\n|t:|1760724735\n|switch|p2a: Baxcalibur|Baxcalibur, F|100/100\n|turn|30\n|c|☆The_Shawdoin|gg\n|\n|t:|1760724738\n|move|p1a: Iron Saw|Close Combat|p2a: Baxcalibur\n|-supereffective|p2a: Baxcalibur\n|-damage|p2a: Baxcalibur|0 fnt\n|-unboost|p1a: Iron Saw|def|1\n|-unboost|p1a: Iron Saw|spd|1\n|faint|p2a: Baxcalibur\n|\n|upkeep\n|c|~SparksTheNeo|zamn who gave this cc LOL\n|c|☆The_Shawdoin|and play rough\n|c|☆The_Shawdoin|and leaf blade\n|\n|t:|1760724750\n|switch|p2a: Ogerpon|Ogerpon-Cornerstone, F|55/100\n|turn|31\n|c|☆The_Shawdoin|:3\n|\n|t:|1760724755\n|move|p1a: Iron Saw|Close Combat|p2a: Ogerpon\n|-supereffective|p2a: Ogerpon\n|-damage|p2a: Ogerpon|0 fnt\n|-unboost|p1a: Iron Saw|def|1\n|-unboost|p1a: Iron Saw|spd|1\n|faint|p2a: Ogerpon\n|\n|upkeep\n|\n|t:|1760724762\n|switch|p2a: Corviknight|Corviknight-Mega, F|54/100\n|turn|32\n|\n|t:|1760724766\n|move|p1a: Iron Saw|Wild Charge|p2a: Corviknight\n|-supereffective|p2a: Corviknight\n|-damage|p2a: Corviknight|0 fnt\n|faint|p2a: Corviknight\n|detailschange|p2: Corviknight|Corviknight, F|[silent]\n|-damage|p1a: Iron Saw|77/100|[from] Recoil\n|\n|win|The_Shawdoin\n|c|☆The_Shawdoin|gg\n","players":["The_Shawdoin","nachis1225"],"format":"[Gen 9] NatDex Draft","rating":null,"private":0,"password":null,"inputlog":">version 266cd7969f11373d44307dd452d2e51e08c39070\n>start {\"formatid\":\"gen9natdexdraft@@@Tera Type Preview\",\"seed\":\"sodium,355b040fa4b32ff5ba21dbfd495bd1d6\"}\n>player p1 {\"name\":\"The_Shawdoin\",\"avatar\":\"2\",\"team\":\"Drifblim-Hell||DrifblimiteHell|WaterAbsorb|ToxicSpikes,HiddenPowerFire,Venoshock,StrengthSap|Modest|,,252,252,4,|F|,0,,,,|||,Fire,,,,Water]Iron Saw||BoosterEnergy|QuarkDrive|SwordsDance,WildCharge,CloseCombat,LeafBlade|Jolly|224,252,,,,32|F||||,,,,,Electric]Runerigus||Leftovers|WanderingSpirit|StealthRock,NightShade,BodyPress,Memento|Impish|252,4,252,,,|F|,0,,,,|||,,,,,Ground]Gouging Fire||HeavyDutyBoots|Protosynthesis|MorningSun,FlareBlitz,Earthquake,DragonDance|Jolly|32,252,,,,224|N||||,Fighting,,,,Fire]Terapagos||ChestoBerry|TeraShift|CalmMind,Flamethrower,TeraStarstorm,Rest|Modest|248,,,252,8,|M|,15,,,,|||,Dark,,,,Stellar]Zapdos||RockyHelmet|Static|Roost,Thunderbolt,HeatWave,Uturn|Modest|248,,,252,8,|N||||,,,,,Electric\",\"rating\":0}\n>player p2 {\"name\":\"nachis1225\",\"avatar\":\"101\",\"team\":\"Corviknight||Corviknightite|Pressure|Roost,Defog,BodyPress,Hurricane|Calm|248,,8,,252,|F|,0,,,,|||,,,,,Flying]Ogerpon|OgerponCornerstone|CornerstoneMask|Sturdy|Superpower,Uturn,IvyCudgel,PowerWhip|Adamant|40,252,,,,216|F||||,Poison,,,,Rock]Chi-Yu||ChoiceScarf|BeadsofRuin|Flamethrower,DarkPulse,Overheat,TeraBlast|Modest|96,,,252,,160|N||||,,,,,Electric]Hippowdon||Leftovers|SandStream|StealthRock,SlackOff,Toxic,Whirlwind|Impish|248,,252,,8,|M|,0,,,,|||,,,,,Ground]Sylveon||SitrusBerry|Pixilate|Toxic,HealBell,Wish,HyperVoice|Modest|248,,,252,,|M|,0,,,,|||,,,,,Fairy]Baxcalibur||DragonFang|ThermalExchange|Earthquake,GlaiveRush,IcicleCrash,DragonDance|Jolly|88,252,,,4,164|F||||,,,,,Dragon\",\"rating\":0}\n>chat ☆nachis1225|glhf\n>chat ☆The_Shawdoin|glhf\n>p1 team 1, 2, 3, 4, 5, 6\n>p2 team 4, 2, 3, 1, 5, 6\n>p1 move toxicspikes mega\n>p2 switch 4\n>p1 move hiddenpower\n>p2 move defog mega\n>p1 switch 6\n>p2 move hurricane\n>p1 move uturn\n>p2 switch 4\n>p1 switch 3\n>p1 move stealthrock\n>p2 move toxic\n>p1 move bodypress\n>p2 move stealthrock\n>p1 move nightshade\n>p2 switch 4\n>p1 move nightshade\n>p2 move roost\n>p1 switch 3\n>p2 move defog\n>p1 move roost\n>p2 switch 4\n>p1 move uturn\n>p2 move toxic\n>p1 switch 6\n>p1 move toxicspikes\n>p2 switch 4\n>p1 switch 6\n>p2 move defog\n>p1 move heatwave\n>p2 switch 5\n>p1 move uturn\n>p2 move wish\n>p1 switch 5\n>p1 move calmmind\n>p2 move toxic\n>p1 move calmmind\n>p2 move hypervoice\n>p1 move rest\n>p2 move hypervoice\n>p1 move terastarstorm\n>p2 move toxic\n>p1 move terastarstorm\n>p2 switch 5\n>p1 move flamethrower\n>p2 move roost\n>p1 move rest\n>p2 move bodypress\n>p1 move flamethrower\n>p2 move roost\n>p1 move calmmind\n>p2 switch 4\n>p1 move terastarstorm\n>p2 move whirlwind\n>p2 switch 2\n>p1 move flamethrower\n>p2 move superpower\n>p1 switch 2\n>p1 move swordsdance\n>p2 switch 5\n>p1 move wildcharge\n>p2 move wish\n>p2 switch 3\n>p1 move closecombat\n>p2 move flamethrower terastallize\n>chat ☆nachis1225|gg\n>p2 switch 6\n>chat ☆The_Shawdoin|gg\n>p1 move closecombat\n>p2 move earthquake\n>chat ~SparksTheNeo|zamn who gave this cc LOL\n>chat ☆The_Shawdoin|and play rough\n>chat ☆The_Shawdoin|and leaf blade\n>p2 switch 5\n>chat ☆The_Shawdoin|:3\n>p1 move closecombat\n>p2 move superpower\n>p2 switch 4\n>p1 move wildcharge\n>p2 move bodypress","uploadtime":1760724770}