{"id":"gen9natdexdraft-126","log":"|j|☆wxyzstar\n|j|☆psydomia\n|t:|1765408950\n|gametype|singles\n|player|p1|wxyzstar|265|\n|player|p2|psydomia|1|\n|gen|9\n|tier|[Gen 9] NatDex Draft\n|rule|Sleep Clause Mod: Limit one foe put to sleep\n|rule|OHKO Clause: OHKO moves are banned\n|rule|Evasion Clause: Evasion abilities, items, and moves are banned\n|rule|Evasion Abilities Clause: Evasion abilities are banned\n|rule|Evasion Items Clause: Evasion items are banned\n|rule|Evasion Moves Clause: Evasion moves are banned\n|rule|Endless Battle Clause: Forcing endless battles is banned\n|rule|HP Percentage Mod: HP is shown in percentages\n|clearpoke\n|poke|p1|Greninja-*, M|\n|poke|p1|Garchomp, F|\n|poke|p1|Rotom-Heat|\n|poke|p1|Tsareena, F|\n|poke|p1|Tornadus-Therian, M|\n|poke|p1|Snorlax, M|\n|poke|p2|Milotic, F|\n|poke|p2|Darkrai|\n|poke|p2|Moltres|\n|poke|p2|Okidogi, M|\n|poke|p2|Iron Hands|\n|poke|p2|Excadrill, F|\n|teampreview\n|c|☆psydomia|Glhf man\n|c|☆psydomia|Mega gren week 1 is scary lol\n|c|☆wxyzstar|glhf!\n|c|☆wxyzstar|wtf is this caldex thing\n|c|☆psydomia|Idk but I also just realised something got messed up copying over to this lol\n|c|☆psydomia|Oh well. It's slightly annoying but maybe not gonna matter \n|\n|t:|1765409036\n|teamsize|p1|6\n|teamsize|p2|6\n|start\n|switch|p1a: Garchomp|Garchomp, F|100/100\n|switch|p2a: Milotic|Milotic, F|100/100\n|turn|1\n|\n|t:|1765409057\n|move|p1a: Garchomp|Spikes|p2a: Milotic\n|-sidestart|p2: psydomia|Spikes\n|move|p2a: Milotic|Flip Turn|p1a: Garchomp\n|-damage|p1a: Garchomp|90/100\n|-damage|p2a: Milotic|88/100|[from] ability: Rough Skin|[of] p1a: Garchomp\n|-damage|p2a: Milotic|71/100|[from] item: Rocky Helmet|[of] p1a: Garchomp\n|\n|t:|1765409061\n|switch|p2a: Darkrai|Darkrai|100/100|[from] Flip Turn\n|-damage|p2a: Darkrai|88/100|[from] Spikes\n|\n|-heal|p2a: Darkrai|94/100|[from] item: Leftovers\n|upkeep\n|turn|2\n|\n|t:|1765409093\n|switch|p1a: Snorlax|Snorlax, M|100/100\n|move|p2a: Darkrai|Nasty Plot|p2a: Darkrai\n|-boost|p2a: Darkrai|spa|2\n|\n|-heal|p2a: Darkrai|99/100|[from] item: Leftovers\n|upkeep\n|turn|3\n|\n|t:|1765409110\n|switch|p2a: Iron Hands|Iron Hands|100/100\n|-damage|p2a: Iron Hands|88/100|[from] Spikes\n|move|p1a: Snorlax|Body Slam|p2a: Iron Hands\n|-damage|p2a: Iron Hands|58/100\n|\n|upkeep\n|turn|4\n|\n|t:|1765409137\n|switch|p1a: Garchomp|Garchomp, F|90/100\n|move|p2a: Iron Hands|Drain Punch|p1a: Garchomp\n|-crit|p1a: Garchomp\n|-damage|p1a: Garchomp|43/100\n|-heal|p2a: Iron Hands|77/100|[from] drain|[of] p1a: Garchomp\n|-damage|p2a: Iron Hands|64/100|[from] ability: Rough Skin|[of] p1a: Garchomp\n|-damage|p2a: Iron Hands|48/100|[from] item: Rocky Helmet|[of] p1a: Garchomp\n|\n|upkeep\n|turn|5\n|\n|t:|1765409157\n|-end|p2a: Iron Hands|Quark Drive|[silent]\n|switch|p2a: Moltres|Moltres|100/100\n|move|p1a: Garchomp|Earthquake|p2a: Moltres\n|-immune|p2a: Moltres\n|\n|upkeep\n|turn|6\n|\n|t:|1765409170\n|move|p1a: Garchomp|Stone Edge|p2a: Moltres|[miss]\n|-miss|p1a: Garchomp|p2a: Moltres\n|move|p2a: Moltres|Hurricane|p1a: Garchomp|[miss]\n|-miss|p2a: Moltres|p1a: Garchomp\n|\n|upkeep\n|turn|7\n|c|☆wxyzstar|lol\n|c|☆psydomia|What a turn lol\n|c|☆wxyzstar|run it back?\n|\n|t:|1765409200\n|switch|p2a: Okidogi|Okidogi, M|100/100\n|-damage|p2a: Okidogi|88/100|[from] Spikes\n|move|p1a: Garchomp|Stone Edge|p2a: Okidogi|[miss]\n|-miss|p1a: Garchomp|p2a: Okidogi\n|\n|upkeep\n|turn|8\n|c|☆wxyzstar|nice\n|c|☆psydomia|Oh\n|c|☆psydomia|Stone edge is bs honestly \n|c|☆psydomia|No way that things 80\n|c|☆wxyzstar|no chance\n|\n|t:|1765409233\n|move|p2a: Okidogi|Close Combat|p1a: Garchomp\n|-damage|p1a: Garchomp|0 fnt\n|-unboost|p2a: Okidogi|def|1\n|-unboost|p2a: Okidogi|spd|1\n|-damage|p2a: Okidogi|76/100|[from] ability: Rough Skin|[of] p1a: Garchomp\n|-damage|p2a: Okidogi|59/100|[from] item: Rocky Helmet|[of] p1a: Garchomp\n|faint|p1a: Garchomp\n|\n|upkeep\n|c|☆wxyzstar|I have missed more than Ive hit\n|c|☆psydomia|Yeah fr \n|c|☆psydomia|I missed 3 in a row the other day lmao \n|c|☆psydomia|Next game missed 2/3\n|c|☆psydomia|It's the worst damn move lol\n|\n|t:|1765409273\n|switch|p1a: Tornadus|Tornadus-Therian, M|100/100\n|turn|9\n|c|☆psydomia|Somehow hydro pump with same accuracy hits twice as much \n|\n|t:|1765409328\n|switch|p2a: Moltres|Moltres|100/100\n|move|p1a: Tornadus|Bleakwind Storm|p2a: Moltres\n|-damage|p2a: Moltres|56/100\n|-unboost|p2a: Moltres|spe|1\n|\n|upkeep\n|turn|10\n|\n|t:|1765409341\n|move|p1a: Tornadus|Bleakwind Storm|p2a: Moltres|[miss]\n|-miss|p1a: Tornadus|p2a: Moltres\n|move|p2a: Moltres|Roost|p2a: Moltres\n|-heal|p2a: Moltres|100/100\n|-singleturn|p2a: Moltres|move: Roost\n|\n|upkeep\n|turn|11\n|c|☆wxyzstar|cool\n|\n|t:|1765409353\n|move|p1a: Tornadus|Bleakwind Storm|p2a: Moltres\n|-damage|p2a: Moltres|59/100\n|move|p2a: Moltres|U-turn|p1a: Tornadus\n|-resisted|p1a: Tornadus\n|-damage|p1a: Tornadus|92/100\n|\n|t:|1765409416\n|switch|p2a: Iron Hands|Iron Hands|48/100|[from] U-turn\n|-damage|p2a: Iron Hands|35/100|[from] Spikes\n|\n|upkeep\n|turn|12\n|\n|t:|1765409471\n|move|p1a: Tornadus|Bleakwind Storm|p2a: Iron Hands\n|-damage|p2a: Iron Hands|18/100\n|-unboost|p2a: Iron Hands|spe|1\n|move|p2a: Iron Hands|Drain Punch|p1a: Tornadus\n|-resisted|p1a: Tornadus\n|-damage|p1a: Tornadus|72/100\n|-heal|p2a: Iron Hands|25/100|[from] drain|[of] p1a: Tornadus\n|\n|upkeep\n|turn|13\n|\n|t:|1765409482\n|move|p1a: Tornadus|U-turn|p2a: Iron Hands\n|-resisted|p2a: Iron Hands\n|-damage|p2a: Iron Hands|21/100\n|\n|t:|1765409491\n|switch|p1a: Rotom|Rotom-Heat|100/100|[from] U-turn\n|move|p2a: Iron Hands|Supercell Slam|p1a: Rotom\n|-resisted|p1a: Rotom\n|-damage|p1a: Rotom|82/100\n|\n|upkeep\n|turn|14\n|\n|t:|1765409506\n|-end|p2a: Iron Hands|Quark Drive|[silent]\n|switch|p2a: Darkrai|Darkrai|99/100\n|-damage|p2a: Darkrai|88/100|[from] Spikes\n|move|p1a: Rotom|Will-O-Wisp|p2a: Darkrai\n|-status|p2a: Darkrai|brn\n|\n|-heal|p2a: Darkrai|94/100 brn|[from] item: Leftovers\n|-damage|p2a: Darkrai|88/100 brn|[from] brn\n|upkeep\n|turn|15\n|\n|t:|1765409533\n|move|p2a: Darkrai|Dark Pulse|p1a: Rotom\n|-damage|p1a: Rotom|35/100\n|move|p1a: Rotom|Volt Switch|p2a: Darkrai\n|-damage|p2a: Darkrai|57/100 brn\n|\n|t:|1765409580\n|switch|p1a: Tornadus|Tornadus-Therian, M|100/100|[from] Volt Switch\n|\n|-heal|p2a: Darkrai|63/100 brn|[from] item: Leftovers\n|-damage|p2a: Darkrai|57/100 brn|[from] brn\n|upkeep\n|turn|16\n|\n|t:|1765409595\n|move|p2a: Darkrai|Thunderbolt|p1a: Tornadus\n|-supereffective|p1a: Tornadus\n|-damage|p1a: Tornadus|61/100\n|move|p1a: Tornadus|U-turn|p2a: Darkrai\n|-supereffective|p2a: Darkrai\n|-damage|p2a: Darkrai|19/100 brn\n|\n|t:|1765409615\n|switch|p1a: Greninja|Greninja, M|100/100|[from] U-turn\n|\n|-heal|p2a: Darkrai|25/100 brn|[from] item: Leftovers\n|-damage|p2a: Darkrai|19/100 brn|[from] brn\n|upkeep\n|turn|17\n|\n|t:|1765409646\n|detailschange|p1a: Greninja|Greninja-Mega-ZA, M\n|-mega|p1a: Greninja|Greninja|GreninjiteZA\n|move|p1a: Greninja|Water Shuriken|p2a: Darkrai\n|-damage|p2a: Darkrai|3/100 brn\n|-damage|p2a: Darkrai|0 fnt\n|faint|p2a: Darkrai\n|-hitcount|p2: Darkrai|2\n|\n|upkeep\n|\n|t:|1765409650\n|switch|p2a: Milotic|Milotic, F|71/100\n|-damage|p2a: Milotic|59/100|[from] Spikes\n|turn|18\n|c|☆psydomia|The damn failed jpeg lmao\n|c|☆psydomia|It's so funny \n|c|☆wxyzstar|ik lol\n|\n|t:|1765409681\n|move|p1a: Greninja|U-turn|p2a: Milotic\n|-damage|p2a: Milotic|41/100\n|\n|t:|1765409700\n|switch|p1a: Snorlax|Snorlax, M|100/100|[from] U-turn\n|move|p2a: Milotic|Recover|p2a: Milotic\n|-heal|p2a: Milotic|91/100\n|\n|-heal|p2a: Milotic|97/100|[from] item: Leftovers\n|upkeep\n|turn|19\n|\n|t:|1765409715\n|switch|p2a: Moltres|Moltres|59/100\n|move|p1a: Snorlax|Body Slam|p2a: Moltres\n|-damage|p2a: Moltres|31/100\n|\n|upkeep\n|turn|20\n|\n|t:|1765409726\n|move|p2a: Moltres|Roost|p2a: Moltres\n|-heal|p2a: Moltres|81/100\n|-singleturn|p2a: Moltres|move: Roost\n|move|p1a: Snorlax|Earthquake|p2a: Moltres\n|-supereffective|p2a: Moltres\n|-damage|p2a: Moltres|33/100\n|\n|upkeep\n|turn|21\n|\n|t:|1765409743\n|move|p2a: Moltres|Roost|p2a: Moltres\n|-heal|p2a: Moltres|83/100\n|-singleturn|p2a: Moltres|move: Roost\n|move|p1a: Snorlax|Curse|p1a: Snorlax\n|-unboost|p1a: Snorlax|spe|1\n|-boost|p1a: Snorlax|atk|1\n|-boost|p1a: Snorlax|def|1\n|\n|upkeep\n|turn|22\n|\n|t:|1765409789\n|move|p2a: Moltres|U-turn|p1a: Snorlax\n|-damage|p1a: Snorlax|92/100\n|\n|t:|1765409793\n|switch|p2a: Iron Hands|Iron Hands|21/100|[from] U-turn\n|-damage|p2a: Iron Hands|9/100|[from] Spikes\n|move|p1a: Snorlax|Curse|p1a: Snorlax\n|-unboost|p1a: Snorlax|spe|1\n|-boost|p1a: Snorlax|atk|1\n|-boost|p1a: Snorlax|def|1\n|\n|upkeep\n|turn|23\n|\n|t:|1765409813\n|move|p2a: Iron Hands|Close Combat|p1a: Snorlax\n|-supereffective|p1a: Snorlax\n|-damage|p1a: Snorlax|41/100\n|-unboost|p2a: Iron Hands|def|1\n|-unboost|p2a: Iron Hands|spd|1\n|move|p1a: Snorlax|Earthquake|p2a: Iron Hands\n|-supereffective|p2a: Iron Hands\n|-damage|p2a: Iron Hands|0 fnt\n|faint|p2a: Iron Hands\n|-end|p2a: Iron Hands|Quark Drive|[silent]\n|\n|upkeep\n|\n|t:|1765409832\n|switch|p2a: Okidogi|Okidogi, M|59/100\n|-damage|p2a: Okidogi|47/100|[from] Spikes\n|turn|24\n|\n|t:|1765409864\n|switch|p1a: Tornadus|Tornadus-Therian, M|94/100\n|move|p2a: Okidogi|Close Combat|p1a: Tornadus\n|-resisted|p1a: Tornadus\n|-damage|p1a: Tornadus|57/100\n|-unboost|p2a: Okidogi|def|1\n|-unboost|p2a: Okidogi|spd|1\n|-status|p1a: Tornadus|tox|[from] ability: Toxic Chain|[of] p2a: Okidogi\n|\n|-damage|p1a: Tornadus|51/100 tox|[from] psn\n|upkeep\n|turn|25\n|\n|t:|1765409885\n|switch|p2a: Milotic|Milotic, F|97/100\n|-damage|p2a: Milotic|85/100|[from] Spikes\n|move|p1a: Tornadus|U-turn|p2a: Milotic\n|-damage|p2a: Milotic|70/100\n|\n|t:|1765409906\n|switch|p1a: Snorlax|Snorlax, M|41/100|[from] U-turn\n|\n|-heal|p2a: Milotic|76/100|[from] item: Leftovers\n|upkeep\n|turn|26\n|\n|t:|1765409924\n|move|p2a: Milotic|Flip Turn|p1a: Snorlax\n|-damage|p1a: Snorlax|30/100\n|\n|t:|1765409935\n|switch|p2a: Okidogi|Okidogi, M|47/100|[from] Flip Turn\n|-damage|p2a: Okidogi|35/100|[from] Spikes\n|move|p1a: Snorlax|Rest|p1a: Snorlax\n|-status|p1a: Snorlax|slp|[from] move: Rest\n|-heal|p1a: Snorlax|100/100 slp|[silent]\n|-enditem|p1a: Snorlax|Chesto Berry|[eat]\n|-curestatus|p1a: Snorlax|slp|[msg]\n|\n|upkeep\n|turn|27\n|\n|t:|1765409967\n|switch|p1a: Rotom|Rotom-Heat|35/100\n|move|p2a: Okidogi|Gunk Shot|p1a: Rotom\n|-damage|p1a: Rotom|0 fnt\n|faint|p1a: Rotom\n|\n|upkeep\n|\n|t:|1765410056\n|switch|p1a: Snorlax|Snorlax, M|100/100\n|turn|28\n|\n|t:|1765410072\n|move|p2a: Okidogi|Gunk Shot|p1a: Snorlax\n|-damage|p1a: Snorlax|44/100\n|move|p1a: Snorlax|Body Slam|p2a: Okidogi\n|-damage|p2a: Okidogi|0 fnt\n|faint|p2a: Okidogi\n|\n|upkeep\n|\n|t:|1765410094\n|switch|p2a: Excadrill|Excadrill, F|100/100\n|-damage|p2a: Excadrill|88/100|[from] Spikes\n|turn|29\n|\n|t:|1765410107\n|switch|p1a: Tsareena|Tsareena, F|100/100\n|detailschange|p2a: Excadrill|Excadrill-Mega-ZA, F\n|-mega|p2a: Excadrill|Excadrill|ExcadriteZA\n|move|p2a: Excadrill|Rapid Spin|p1a: Tsareena\n|-crit|p1a: Tsareena\n|-damage|p1a: Tsareena|71/100\n|-boost|p2a: Excadrill|spe|1\n|-sideend|p2: psydomia|Spikes|[from] move: Rapid Spin|[of] p2a: Excadrill\n|\n|-heal|p1a: Tsareena|77/100|[from] item: Leftovers\n|upkeep\n|turn|30\n|\n|t:|1765410134\n|move|p2a: Excadrill|Poison Jab|p1a: Tsareena\n|-supereffective|p1a: Tsareena\n|-damage|p1a: Tsareena|11/100\n|move|p1a: Tsareena|High Jump Kick|p2a: Excadrill|[miss]\n|-miss|p1a: Tsareena|p2a: Excadrill\n|-damage|p1a: Tsareena|0 fnt|[from] highjumpkick\n|faint|p1a: Tsareena\n|\n|upkeep\n|c|☆psydomia|Oh\n|c|☆wxyzstar|icing on the cake\n|c|☆psydomia|Dude idk man this is stupid \n|\n|t:|1765410155\n|switch|p1a: Tornadus|Tornadus-Therian, M|84/100 tox\n|turn|31\n|c|☆psydomia|Like what the heck\n|\n|t:|1765410182\n|move|p2a: Excadrill|Rock Slide|p1a: Tornadus\n|-supereffective|p1a: Tornadus\n|-damage|p1a: Tornadus|10/100 tox\n|move|p1a: Tornadus|Focus Blast|p2a: Excadrill|[miss]\n|-miss|p1a: Tornadus|p2a: Excadrill\n|\n|-damage|p1a: Tornadus|4/100 tox|[from] psn\n|upkeep\n|turn|32\n|c|☆psydomia|Uhh\n|c|☆wxyzstar|wouldnt have expected anything less\n|c|☆psydomia|Yeah I'm genuinely questioning if this server has accuracy changes or some shit?\n|c|☆psydomia|Because the chance of all this missing is ridiculous \n|c|☆psydomia|I'm sorry man \n|c|☆wxyzstar|could be the worst haze game ive ever played\n|c|☆wxyzstar|hax\n|\n|t:|1765410221\n|move|p2a: Excadrill|Rapid Spin|p1a: Tornadus\n|-damage|p1a: Tornadus|0 fnt\n|-boost|p2a: Excadrill|spe|1\n|faint|p1a: Tornadus\n|\n|upkeep\n|\n|t:|1765410226\n|switch|p1a: Greninja|Greninja-Mega-ZA, M|100/100\n|turn|33\n|c|☆psydomia|Yeah probably for sure \n|c|☆wxyzstar|maybe with 5 I can do it\n|\n|t:|1765410248\n|switch|p2a: Milotic|Milotic, F|76/100\n|move|p1a: Greninja|Water Shuriken|p2a: Milotic\n|-resisted|p2a: Milotic\n|-crit|p2a: Milotic\n|-damage|p2a: Milotic|71/100\n|-resisted|p2a: Milotic\n|-damage|p2a: Milotic|68/100\n|-resisted|p2a: Milotic\n|-damage|p2a: Milotic|65/100\n|-hitcount|p2a: Milotic|3\n|\n|-heal|p2a: Milotic|71/100|[from] item: Leftovers\n|upkeep\n|turn|34\n|\n|t:|1765410281\n|move|p1a: Greninja|U-turn|p2a: Milotic\n|-damage|p2a: Milotic|51/100\n|\n|t:|1765410284\n|switch|p1a: Snorlax|Snorlax, M|44/100|[from] U-turn\n|move|p2a: Milotic|Scald|p1a: Snorlax\n|-damage|p1a: Snorlax|29/100\n|\n|-heal|p2a: Milotic|57/100|[from] item: Leftovers\n|upkeep\n|turn|35\n|\n|t:|1765410313\n|switch|p1a: Greninja|Greninja-Mega-ZA, M|100/100\n|move|p2a: Milotic|Flip Turn|p1a: Greninja\n|-resisted|p1a: Greninja\n|-crit|p1a: Greninja\n|-damage|p1a: Greninja|86/100\n|c|☆psydomia|Ngl I completely misunderstood technician for some reason lol\n|c|☆psydomia|I thought you had guaranteed 5 shuriken hits\n|\n|t:|1765410329\n|switch|p2a: Moltres|Moltres|83/100|[from] Flip Turn\n|\n|upkeep\n|turn|36\n|\n|t:|1765410342\n|move|p1a: Greninja|Water Pulse|p2a: Moltres\n|-supereffective|p2a: Moltres\n|-damage|p2a: Moltres|0 fnt\n|faint|p2a: Moltres\n|\n|upkeep\n|c|☆wxyzstar|I wish\n|\n|t:|1765410345\n|switch|p2a: Milotic|Milotic, F|57/100\n|turn|37\n|\n|t:|1765410362\n|move|p1a: Greninja|Dark Pulse|p2a: Milotic\n|-damage|p2a: Milotic|33/100\n|move|p2a: Milotic|Recover|p2a: Milotic\n|-heal|p2a: Milotic|83/100\n|\n|-heal|p2a: Milotic|90/100|[from] item: Leftovers\n|upkeep\n|turn|38\n|\n|t:|1765410370\n|move|p1a: Greninja|U-turn|p2a: Milotic\n|-damage|p2a: Milotic|71/100\n|\n|t:|1765410373\n|switch|p1a: Snorlax|Snorlax, M|29/100|[from] U-turn\n|move|p2a: Milotic|Alluring Voice|p1a: Snorlax\n|-damage|p1a: Snorlax|18/100\n|\n|-heal|p2a: Milotic|77/100|[from] item: Leftovers\n|upkeep\n|turn|39\n|c|☆psydomia|Shuriken is at least boosted by tech right \n|\n|t:|1765410394\n|move|p2a: Milotic|Flip Turn|p1a: Snorlax\n|-damage|p1a: Snorlax|7/100\n|\n|t:|1765410396\n|switch|p2a: Excadrill|Excadrill-Mega-ZA, F|88/100|[from] Flip Turn\n|move|p1a: Snorlax|Rest|p1a: Snorlax\n|-status|p1a: Snorlax|slp|[from] move: Rest\n|-heal|p1a: Snorlax|100/100 slp|[silent]\n|\n|upkeep\n|turn|40\n|\n|t:|1765410407\n|move|p2a: Excadrill|High Horsepower|p1a: Snorlax\n|-damage|p1a: Snorlax|33/100 slp\n|cant|p1a: Snorlax|slp\n|\n|upkeep\n|turn|41\n|\n|t:|1765410415\n|move|p2a: Excadrill|High Horsepower|p1a: Snorlax|[miss]\n|-miss|p2a: Excadrill|p1a: Snorlax\n|cant|p1a: Snorlax|slp\n|\n|upkeep\n|turn|42\n|c|☆wxyzstar|omg \n|\n|t:|1765410432\n|move|p2a: Excadrill|High Horsepower|p1a: Snorlax\n|-damage|p1a: Snorlax|0 fnt\n|faint|p1a: Snorlax\n|\n|upkeep\n|c|☆wxyzstar|didnt matter but still \n|\n|t:|1765410436\n|switch|p1a: Greninja|Greninja-Mega-ZA, M|86/100\n|turn|43\n|c|☆psydomia|Battle of the jpegs\n|\n|t:|1765410445\n|move|p1a: Greninja|Water Pulse|p2a: Excadrill\n|-supereffective|p2a: Excadrill\n|-damage|p2a: Excadrill|0 fnt\n|faint|p2a: Excadrill\n|detailschange|p2: Excadrill|Excadrill, F|[silent]\n|\n|upkeep\n|\n|t:|1765410448\n|switch|p2a: Milotic|Milotic, F|77/100\n|turn|44\n|c|☆wxyzstar|lol\n|\n|t:|1765410453\n|move|p1a: Greninja|Dark Pulse|p2a: Milotic\n|-damage|p2a: Milotic|52/100\n|move|p2a: Milotic|Alluring Voice|p1a: Greninja\n|-supereffective|p1a: Greninja\n|-damage|p1a: Greninja|35/100\n|\n|-heal|p2a: Milotic|58/100|[from] item: Leftovers\n|upkeep\n|turn|45\n|c|☆wxyzstar|flinches are needed\n|\n|t:|1765410464\n|move|p1a: Greninja|Dark Pulse|p2a: Milotic\n|-damage|p2a: Milotic|33/100\n|move|p2a: Milotic|Alluring Voice|p1a: Greninja\n|-supereffective|p1a: Greninja\n|-damage|p1a: Greninja|0 fnt\n|faint|p1a: Greninja\n|detailschange|p1: Greninja|Greninja, M|[silent]\n|\n|win|psydomia\n|c|☆wxyzstar|sad\n|c|☆psydomia|Ggs dude sorry for all that\n|c|☆psydomia|That was just bad luck after bad luck\n|c|☆wxyzstar|I'll take a 1-0 after all that :(\n|c|☆wxyzstar|ggs\n|c|☆psydomia|You played great man hope when we play again it's not so rng-y\n|c|☆psydomia|Ggs wp!\n|c|☆wxyzstar|same you too!\n","players":["wxyzstar","psydomia"],"format":"[Gen 9] NatDex Draft","rating":null,"private":0,"password":null,"inputlog":">version bdb4a0036935f39b98925754afcd47960889aa4d\n>start {\"formatid\":\"gen9natdexdraft\",\"seed\":\"sodium,f82ce2e83f9b2b6f6f5a1b8a3fce8cca\"}\n>player p1 {\"name\":\"wxyzstar\",\"avatar\":\"265\",\"team\":\"Greninja||GreninjiteZA|Torrent|WaterShuriken,WaterPulse,Uturn,DarkPulse|Modest|,,4,252,,252|M||||,,,,,Water]Garchomp||RockyHelmet|RoughSkin|Earthquake,StoneEdge,Spikes,PoisonJab|Adamant|104,152,,,,252|F||||,,,,,Dragon]Rotom|RotomHeat|HeavyDutyBoots|Levitate|WillOWisp,VoltSwitch,Defog,Overheat|Bold|248,,252,,8,|N|,0,,,,|||,,,,,Electric]Tsareena||Leftovers|QueenlyMajesty|Uturn,Synthesis,KnockOff,HighJumpKick|Impish|248,8,252,,,|F||||,,,,,Grass]Tornadus|TornadusTherian|AssaultVest|Regenerator|FocusBlast,BleakwindStorm,Uturn,KnockOff|Timid|248,,,,148,112|M||||,,,,,Flying]Snorlax||ChestoBerry|ThickFat|Earthquake,Curse,BodySlam,Rest|Adamant|248,200,60,,,|M||||,,,,,Normal\",\"rating\":0}\n>player p2 {\"name\":\"psydomia\",\"avatar\":\"1\",\"team\":\"Milotic||Leftovers|Competitive|Scald,AlluringVoice,Recover,FlipTurn|Calm|248,,8,,252,|F||||,,,,,Water]Darkrai||Leftovers|BadDreams|DarkPulse,Thunderbolt,NastyPlot,Substitute|Timid|,,4,252,,252|N|,0,,,,|||,,,,,Dark]Moltres||HeavyDutyBoots|FlameBody|Hurricane,Flamethrower,Roost,Uturn|Bold|144,,252,4,,108|N||||,,,,,Fire]Okidogi||ChoiceScarf|ToxicChain|CloseCombat,GunkShot,KnockOff,PsychicFangs|Jolly|8,252,4,,,244|M||||,,,,,Poison]Iron Hands||AssaultVest|QuarkDrive|DrainPunch,SupercellSlam,IcePunch,CloseCombat|Careful|80,4,,,252,172|N||||,,,,,Fighting]Excadrill||ExcadriteZA|SandRush|RapidSpin,HighHorsepower,PoisonJab,RockSlide|Adamant|80,252,,,,172|F||||,,,,,Ground\",\"rating\":0}\n>chat ☆psydomia|Glhf man\n>chat ☆psydomia|Mega gren week 1 is scary lol\n>chat ☆wxyzstar|glhf!\n>chat ☆wxyzstar|wtf is this caldex thing\n>chat ☆psydomia|Idk but I also just realised something got messed up copying over to this lol\n>chat ☆psydomia|Oh well. It's slightly annoying but maybe not gonna matter \n>p1 team 2, 1, 3, 4, 5, 6\n>p2 team 1, 2, 3, 4, 5, 6\n>p1 move spikes\n>p2 move flipturn\n>p2 switch 2\n>p1 switch 6\n>p2 move nastyplot\n>p1 move bodyslam\n>p2 switch 5\n>p1 switch 6\n>p2 move drainpunch\n>p1 move earthquake\n>p2 switch 3\n>p1 move stoneedge\n>p2 move hurricane\n>chat ☆wxyzstar|lol\n>chat ☆psydomia|What a turn lol\n>chat ☆wxyzstar|run it back?\n>p1 move stoneedge\n>p2 switch 4\n>chat ☆wxyzstar|nice\n>chat ☆psydomia|Oh\n>chat ☆psydomia|Stone edge is bs honestly \n>chat ☆psydomia|No way that things 80\n>chat ☆wxyzstar|no chance\n>p1 move earthquake\n>p2 move closecombat\n>chat ☆wxyzstar|I have missed more than Ive hit\n>chat ☆psydomia|Yeah fr \n>chat ☆psydomia|I missed 3 in a row the other day lmao \n>chat ☆psydomia|Next game missed 2/3\n>chat ☆psydomia|It's the worst damn move lol\n>p1 switch 5\n>chat ☆psydomia|Somehow hydro pump with same accuracy hits twice as much \n>p1 move bleakwindstorm\n>p2 switch 4\n>p1 move bleakwindstorm\n>p2 move roost\n>chat ☆wxyzstar|cool\n>p1 move bleakwindstorm\n>p2 move uturn\n>p2 switch 3\n>p1 move bleakwindstorm\n>p2 move drainpunch\n>p1 move uturn\n>p2 move supercellslam\n>p1 switch 3\n>p1 move willowisp\n>p2 switch 5\n>p1 move voltswitch\n>p2 move darkpulse\n>p1 switch 3\n>p1 move uturn\n>p2 move thunderbolt\n>p1 switch 2\n>p1 move watershuriken mega\n>p2 move thunderbolt\n>p2 switch 2\n>chat ☆psydomia|The damn failed jpeg lmao\n>chat ☆psydomia|It's so funny \n>chat ☆wxyzstar|ik lol\n>p1 move uturn\n>p2 move recover\n>p1 switch 6\n>p1 move bodyslam\n>p2 switch 3\n>p1 move earthquake\n>p2 move roost\n>p1 move curse\n>p2 move roost\n>p1 move curse\n>p2 move uturn\n>p2 switch 5\n>p1 move earthquake\n>p2 move closecombat\n>p2 switch 4\n>p1 switch 2\n>p2 move closecombat\n>p1 move uturn\n>p2 switch 3\n>p1 switch 2\n>p1 move rest\n>p2 move flipturn\n>p2 switch 3\n>p1 switch 3\n>p2 move gunkshot\n>p1 switch 3\n>p1 move bodyslam\n>p2 move gunkshot\n>p2 switch 6\n>p1 switch 4\n>p2 move rapidspin mega\n>p1 move highjumpkick\n>p2 move poisonjab\n>chat ☆psydomia|Oh\n>chat ☆wxyzstar|icing on the cake\n>chat ☆psydomia|Dude idk man this is stupid \n>p1 switch 2\n>chat ☆psydomia|Like what the heck\n>p1 move focusblast\n>p2 move rockslide\n>chat ☆psydomia|Uhh\n>chat ☆wxyzstar|wouldnt have expected anything less\n>chat ☆psydomia|Yeah I'm genuinely questioning if this server has accuracy changes or some shit?\n>chat ☆psydomia|Because the chance of all this missing is ridiculous \n>chat ☆psydomia|I'm sorry man \n>chat ☆wxyzstar|could be the worst haze game ive ever played\n>chat ☆wxyzstar|hax\n>p1 move focusblast\n>p2 move rapidspin\n>p1 switch 6\n>chat ☆psydomia|Yeah probably for sure \n>chat ☆wxyzstar|maybe with 5 I can do it\n>p1 move watershuriken\n>p2 switch 3\n>p1 move uturn\n>p2 move scald\n>p1 switch 4\n>p1 switch 4\n>p2 move flipturn\n>chat ☆psydomia|Ngl I completely misunderstood technician for some reason lol\n>chat ☆psydomia|I thought you had guaranteed 5 shuriken hits\n>p2 switch 5\n>p1 move waterpulse\n>p2 move uturn\n>chat ☆wxyzstar|I wish\n>p2 switch 5\n>p1 move darkpulse\n>p2 move recover\n>p1 move uturn\n>p2 move alluringvoice\n>p1 switch 4\n>chat ☆psydomia|Shuriken is at least boosted by tech right \n>p1 move rest\n>p2 move flipturn\n>p2 switch 3\n>p1 move bodyslam\n>p2 move highhorsepower\n>p1 move bodyslam\n>p2 move highhorsepower\n>chat ☆wxyzstar|omg \n>p1 move earthquake\n>p2 move highhorsepower\n>chat ☆wxyzstar|didnt matter but still \n>p1 switch 4\n>chat ☆psydomia|Battle of the jpegs\n>p1 move waterpulse\n>p2 move highhorsepower\n>p2 switch 3\n>chat ☆wxyzstar|lol\n>p1 move darkpulse\n>p2 move alluringvoice\n>chat ☆wxyzstar|flinches are needed\n>p1 move darkpulse\n>p2 move alluringvoice","uploadtime":1765410539}