{"id":"gen9bssfactory-335","log":"|j|☆the_Shawdoin\n|j|☆staygexxed\n|html|<table width=\"100%\"><tr><td align=\"left\">the_Shawdoin</td><td align=\"right\">staygexxed</tr><tr><td align=\"left\"><i class=\"fa fa-circle-o\"></i> <i class=\"fa fa-circle-o\"></i> </td><td align=\"right\"><i class=\"fa fa-circle-o\"></i> <i class=\"fa fa-circle\"></i> </tr></table>\n|uhtml|bestof|<h2><strong>Game 2</strong> of <a href=\"/game-bestof3-gen9bssfactory-331\">a best-of-3</a></h2>\n|t:|1762810579\n|gametype|singles\n|player|p1|the_Shawdoin|caitlin|\n|player|p2|staygexxed|265|\n|gen|9\n|tier|[Gen 9] BSS Factory\n|rule|Species Clause: Limit one of each Pokémon\n|rule|HP Percentage Mod: HP is shown in percentages\n|rule|Sleep Clause Mod: Limit one foe put to sleep\n|rule|Illusion Level Mod: Illusion disguises the Pokémon's true level\n|raw|<div class=\"infobox\"><details class=\"readmore\" open><summary><strong>1 custom rule:</strong></summary> Best of = 3</details></div>\n|\n|t:|1762810579\n|teamsize|p1|6\n|teamsize|p2|6\n|start\n|switch|p1a: Raging Bolt|Raging Bolt, L75|295/295\n|switch|p2a: Iron Detector|Iron Detector, L75, F|225/225\n|turn|1\n|j|~SparksTheNeo\n|\n|t:|1762810602\n|move|p2a: Iron Detector|Dark Pulse|p1a: Raging Bolt\n|-damage|p1a: Raging Bolt|115/295\n|move|p1a: Raging Bolt|Volt Switch|p2a: Iron Detector\n|-damage|p2a: Iron Detector|66/225\n|\n|t:|1762810621\n|-end|p1a: Raging Bolt|Protosynthesis|[silent]\n|switch|p1a: Hippowdon-Shadow-Fra|Hippowdon-Shadow-Frame, L75, M|317/317|[from] Volt Switch\n|-weather|Sandstorm|[from] ability: Sand Stream|[of] p1a: Hippowdon-Shadow-Fra\n|\n|-weather|Sandstorm|[upkeep]\n|-damage|p2a: Iron Detector|52/225|[from] Sandstorm\n|upkeep\n|turn|2\n|\n|t:|1762810646\n|-end|p2a: Iron Detector|Quark Drive|[silent]\n|switch|p2a: Scream Tail|Scream Tail, L75|328/328\n|-enditem|p2a: Scream Tail|Booster Energy\n|-activate|p2a: Scream Tail|ability: Protosynthesis|[fromitem]\n|-start|p2a: Scream Tail|protosynthesisspe\n|move|p1a: Hippowdon-Shadow-Fra|Crunch|p2a: Scream Tail\n|-damage|p2a: Scream Tail|216/328\n|\n|-weather|Sandstorm|[upkeep]\n|-damage|p2a: Scream Tail|196/328|[from] Sandstorm\n|upkeep\n|turn|3\n|\n|t:|1762810654\n|move|p2a: Scream Tail|Stealth Rock|p1a: Hippowdon-Shadow-Fra\n|-sidestart|p1: the_Shawdoin|move: Stealth Rock\n|move|p1a: Hippowdon-Shadow-Fra|Whirlwind|p2a: Scream Tail\n|-end|p2a: Scream Tail|Protosynthesis|[silent]\n|drag|p2a: Dusknoir|Dusknoir, L75, M|175/175\n|-item|p1a: Hippowdon-Shadow-Fra|Leftovers|[from] ability: Frisk|[of] p2a: Dusknoir\n|\n|-weather|Sandstorm|[upkeep]\n|-damage|p2a: Dusknoir|165/175|[from] Sandstorm\n|upkeep\n|turn|4\n|\n|t:|1762810659\n|move|p2a: Dusknoir|Will-O-Wisp|p1a: Hippowdon-Shadow-Fra\n|-status|p1a: Hippowdon-Shadow-Fra|brn\n|move|p1a: Hippowdon-Shadow-Fra|Crunch|p2a: Dusknoir\n|-supereffective|p2a: Dusknoir\n|-damage|p2a: Dusknoir|86/175\n|\n|-weather|Sandstorm|[upkeep]\n|-damage|p2a: Dusknoir|76/175|[from] Sandstorm\n|-damage|p1a: Hippowdon-Shadow-Fra|298/317 brn|[from] brn\n|upkeep\n|turn|5\n|\n|t:|1762810667\n|move|p2a: Dusknoir|Brick Break|p1a: Hippowdon-Shadow-Fra\n|-supereffective|p1a: Hippowdon-Shadow-Fra\n|-damage|p1a: Hippowdon-Shadow-Fra|206/317 brn\n|move|p1a: Hippowdon-Shadow-Fra|Stealth Rock|p2a: Dusknoir\n|-sidestart|p2: staygexxed|move: Stealth Rock\n|\n|-weather|none\n|-heal|p1a: Hippowdon-Shadow-Fra|225/317 brn|[from] item: Leftovers\n|-damage|p1a: Hippowdon-Shadow-Fra|206/317 brn|[from] brn\n|upkeep\n|turn|6\n|\n|t:|1762810677\n|detailschange|p2a: Dusknoir|Dusknoir-Mega, L75, M\n|-mega|p2a: Dusknoir|Dusknoir|Dusknoirite\n|move|p2a: Dusknoir|Brick Break|p1a: Hippowdon-Shadow-Fra\n|-supereffective|p1a: Hippowdon-Shadow-Fra\n|-damage|p1a: Hippowdon-Shadow-Fra|8/317 brn\n|move|p1a: Hippowdon-Shadow-Fra|Crunch|p2a: Dusknoir\n|-damage|p2a: Dusknoir|37/175\n|\n|-heal|p1a: Hippowdon-Shadow-Fra|27/317 brn|[from] item: Leftovers\n|-damage|p1a: Hippowdon-Shadow-Fra|8/317 brn|[from] brn\n|upkeep\n|turn|7\n|\n|t:|1762810688\n|move|p2a: Dusknoir|Shadow Punch|p1a: Hippowdon-Shadow-Fra\n|-resisted|p1a: Hippowdon-Shadow-Fra\n|-damage|p1a: Hippowdon-Shadow-Fra|0 fnt\n|faint|p1a: Hippowdon-Shadow-Fra\n|-ability|p2a: Dusknoir|Soul Harvest\n|-heal|p2a: Dusknoir|80/175|ability: Soul Harvest\n|\n|upkeep\n|\n|t:|1762810703\n|switch|p1a: Heatles|Heatles, L75, M|265/265\n|-damage|p1a: Heatles|199/265|[from] Stealth Rock\n|turn|8\n|\n|t:|1762810707\n|move|p2a: Dusknoir|Sucker Punch|p1a: Heatles\n|-damage|p1a: Heatles|96/265\n|move|p1a: Heatles|Overheat|p2a: Dusknoir|[miss]\n|-miss|p1a: Heatles|p2a: Dusknoir\n|\n|upkeep\n|turn|9\n|\n|t:|1762810713\n|move|p2a: Dusknoir|Sucker Punch|p1a: Heatles\n|-crit|p1a: Heatles\n|-damage|p1a: Heatles|0 fnt\n|faint|p1a: Heatles\n|-ability|p2a: Dusknoir|Soul Harvest\n|-heal|p2a: Dusknoir|123/175|ability: Soul Harvest\n|\n|upkeep\n|c|☆the_Shawdoin|T-T\n|\n|t:|1762810729\n|switch|p1a: Victreebel|Victreebel, L75, M|228/228\n|-damage|p1a: Victreebel|200/228|[from] Stealth Rock\n|turn|10\n|\n|t:|1762810737\n|detailschange|p1a: Victreebel|Victreebel-Mega, L75, M\n|-mega|p1a: Victreebel|Victreebel|Victreebelite\n|move|p1a: Victreebel|Swords Dance|p1a: Victreebel\n|-boost|p1a: Victreebel|atk|2\n|move|p2a: Dusknoir|Shadow Punch|p1a: Victreebel\n|-damage|p1a: Victreebel|86/228\n|\n|upkeep\n|turn|11\n|\n|t:|1762810751\n|move|p1a: Victreebel|Knock Off|p2a: Dusknoir\n|-damage|p2a: Dusknoir|26/175\n|move|p2a: Dusknoir|Shadow Punch|p1a: Victreebel\n|-damage|p1a: Victreebel|0 fnt\n|faint|p1a: Victreebel\n|detailschange|p1: Victreebel|Victreebel, L75, M|[silent]\n|-ability|p2a: Dusknoir|Soul Harvest\n|-heal|p2a: Dusknoir|69/175|ability: Soul Harvest\n|\n|upkeep\n|\n|t:|1762810757\n|switch|p1a: Raging Bolt|Raging Bolt, L75|115/295\n|turn|12\n|\n|t:|1762810761\n|move|p2a: Dusknoir|Sucker Punch|p1a: Raging Bolt\n|-damage|p1a: Raging Bolt|42/295\n|move|p1a: Raging Bolt|Thunderclap||[still]\n|-fail|p1a: Raging Bolt\n|\n|upkeep\n|turn|13\n|\n|t:|1762810766\n|move|p2a: Dusknoir|Shadow Punch|p1a: Raging Bolt\n|-damage|p1a: Raging Bolt|0 fnt\n|faint|p1a: Raging Bolt\n|-end|p1a: Raging Bolt|Protosynthesis|[silent]\n|-ability|p2a: Dusknoir|Soul Harvest\n|-heal|p2a: Dusknoir|112/175|ability: Soul Harvest\n|\n|upkeep\n|\n|t:|1762810769\n|switch|p1a: Dragalge|Dragalge, L75, F|220/220\n|-damage|p1a: Dragalge|193/220|[from] Stealth Rock\n|turn|14\n|\n|t:|1762810772\n|move|p2a: Dusknoir|Shadow Punch|p1a: Dragalge\n|-damage|p1a: Dragalge|100/220\n|move|p1a: Dragalge|Draco Meteor|p2a: Dusknoir\n|-damage|p2a: Dusknoir|0 fnt\n|-unboost|p1a: Dragalge|spa|2\n|faint|p2a: Dusknoir\n|detailschange|p2: Dusknoir|Dusknoir, L75, M|[silent]\n|\n|upkeep\n|\n|t:|1762810776\n|switch|p2a: Iron Detector|Iron Detector, L75, F|52/225\n|-damage|p2a: Iron Detector|24/225|[from] Stealth Rock\n|turn|15\n|\n|t:|1762810779\n|move|p2a: Iron Detector|Dark Pulse|p1a: Dragalge\n|-damage|p1a: Dragalge|0 fnt\n|faint|p1a: Dragalge\n|\n|upkeep\n|\n|t:|1762810782\n|switch|p1a: Leafeon|Leafeon, L75, F|253/253\n|-damage|p1a: Leafeon|222/253|[from] Stealth Rock\n|turn|16\n|\n|t:|1762810786\n|move|p2a: Iron Detector|Dark Pulse|p1a: Leafeon\n|-damage|p1a: Leafeon|0 fnt\n|faint|p1a: Leafeon\n|\n|win|staygexxed\n|c|☆the_Shawdoin|Gg\n|c|☆staygexxed|Gg\n|l|☆the_Shawdoin\n|player|p1|\n","players":["the_Shawdoin","staygexxed"],"format":"[Gen 9] BSS Factory","rating":null,"private":0,"password":null,"inputlog":">version 8060b428d75f17aec3cad8929844be05c114545a\n>start {\"formatid\":\"gen9bssfactory@@@Best of = 3\",\"seed\":\"sodium,b8bd3ca70a9a45a62f39aa0d60cc4b0e\"}\n>player p1 {\"name\":\"the_Shawdoin\",\"avatar\":\"caitlin\",\"rating\":0,\"seed\":\"sodium,23f75b5059991a83e1b09b17acbc6b31\"}\n>player p2 {\"name\":\"staygexxed\",\"avatar\":\"265\",\"rating\":0,\"seed\":\"sodium,0d90f20eaf6a5f893f91eced40795e5c\"}\n>p1 move voltswitch\n>p2 move darkpulse\n>p1 switch 5\n>p1 move crunch\n>p2 switch 2\n>p1 move whirlwind\n>p2 move stealthrock\n>p1 move crunch\n>p2 move willowisp\n>p1 move stealthrock\n>p2 move brickbreak\n>p1 move crunch\n>p2 move brickbreak mega\n>p1 move crunch\n>p2 move shadowpunch\n>p1 switch 6\n>p1 move overheat\n>p2 move suckerpunch\n>p1 move overheat\n>p2 move suckerpunch\n>chat ☆the_Shawdoin|T-T\n>p1 switch 3\n>p1 move swordsdance mega\n>p2 move shadowpunch\n>p1 move knockoff\n>p2 move shadowpunch\n>p1 switch 5\n>p1 move thunderclap\n>p2 move suckerpunch\n>p1 move thunderbolt\n>p2 move shadowpunch\n>p1 switch 4\n>p1 move dracometeor\n>p2 move shadowpunch\n>p2 switch 2\n>p1 move dracometeor\n>p2 move darkpulse\n>p1 switch 2\n>p1 move leechseed\n>p2 move darkpulse","uploadtime":1762810798}